2288 3834
52 3532 100 3622 Ι

134 201 185 252 116
457 209 599 250 sennenn
610 209 733 250 unrorrs

167 339 191 390 4„
218 335 334 389 'lentate
362 338 455 389 antem
484 335 541 404 ejus
570 339 611 388 est
639 335 805 390 abstinentia
831 348 848 390 a
876 332 1056 391 Diomedonte

132 407 282 483 cyziceno}
327 412 454 484 Namque
477 413 500 466 is
523 418 618 482 rogetu
642 407 824 466 Artaxerxis2
850 412 921 480 regis
946 412 1057 481 ltpemi·

134 491 257 546 nondem
281 490 395 560 pecunie
418 491 650 561 corrumpendum
673 494 834 559 susceperat.
879 489 933 546 Hic
954 505 1057 558 magno

132 585 196 624 omn
208 567 328 638 pondere
338 568 400 622 auri
409 568 515 622 Thebas
524 568 607 637 venit,
621 572 648 621 et
657 567 812 636 Micythum
826 567 1058 625 adolescentulum

132 646 253 716 quinque
270 646 382 700 talentis
401 647 436 701 od
455 662 534 699 suem
554 646 683 716 perduxit
699 646 878 714 voluntatem,
894 661 979 714 quem
990 650 1058 702 vtum

133 723 337 794 Epaminondas
349 724 500 794 plurimum
512 723 650 792 diligebat.
685 723 823 794 Micythus
835 723 1057 792 Epaminondam

133 803 266 871 convenit,
280 806 307 855 et
324 818 434 856 causam
451 801 584 855 adventus
596 802 784 856 Diomedontis
800 801 925 858 ostendit.
960 802 999 857 At
1009 801 1058 858 ille

133 879 314 935 Diomedonte
325 896 419 933 coram
431 879 472 933 ‘N
473 875 557 949 ihil,'³
567 880 666 949 inquit,
679 879 762 951 ‘opus
772 879 888 950 pecunia
900 883 947 935 est
982 879 1057 936 Nom

132 957 156 1011 si
173 974 223 1012 rex
240 974 273 1012 ea
285 957 350 1027 vult,
366 974 436 1026 quse
450 957 587 1012 Thebanis
603 963 668 1011 sunt
684 958 771 1027 utilia,
788 958 872 1026 gratis
889 959 978 1013 faeere
994 973 1058 1015 sum

132 1041 260 1106 pemms3
277 1036 320 1090 sin
338 1040 431 1090 eutem
448 1036 592 1105 contrarie,
604 1052 661 1088 non
676 1036 761 1089 habet
778 1036 838 1090 auri
854 1040 936 1105 etque
948 1036 1058 1104 argenti

132 1114 204 1170 satin
238 1115 365 1184 Namque
385 1113 458 1167 orbis
478 1118 616 1167 terrarum
635 1114 746 1168 diritius
765 1114 887 1184 accipere
906 1113 971 1169 nolo
991 1109 1057 1184 ριι)4

133 1192 240 1262 patriae
256 1192 375 1246 ceritete.
418 1187 474 1244 lu⁵
492 1192 564 1261 quod
582 1209 627 1245 me
646 1193 816 1261 incognitum
832 1191 945 1246 tentasti
961 1192 1058 1262 tuique

131 1269 252 1325 similem
264 1269 434 1339 existimasti,
446 1286 502 1324 non
514 1270 608 1340 miror,
620 1270 724 1340 tibique
735 1270 858 1339 ignosc03
871 1270 917 1324 sed
929 1269 1057 1339 egredere

132 1363 253 1418 propere,
265 1363 301 1400 ne
318 1347 385 1400 elios
403 1364 567 1418 corrumpas,
580 1343 660 1401 οιιιιι6
674 1365 720 1402 me
734 1365 790 1401 non
804 1349 929 1418 potueris.
965 1348 1000 1402 llt
1015 1351 1057 1418 tu,

132 1425 261 1495 lficythe²
271 1429 416 1494 argentum
426 1425 492 1479 huic
503 1425 586 1478 redde
597 1447 604 1492 ;
622 1426 675 1480 nisi
686 1427 716 1478 id
727 1426 871 1479 confestim
882 1426 955 1495 heis,
967 1441 1017 1494 ego
1028 1431 1058 1481 te

132 1503 241 1557 nedem
258 1504 444 1572 magistratui?
480 1504 563 1557 Hunc
574 1504 727 1557 Diomedon
743 1520 809 1557 cum
824 1508 937 1573 rogaret,
949 1507 981 1557 ut
996 1508 1057 1558 tuto

132 1581 209 1634 exire
225 1597 334 1652 meque,
349 1598 419 1652 quae
436 1581 572 1652 attulerat,
588 1581 681 1635 liceret
698 1583 799 1650 efferre,
813 1581 910 1635 ‘Istud
927 1581 1056 1652 quidem,'

132 1658 229 1730 inquit,
251 1658 374 1730 ‘faciem
394 1654 499 1730 neque⁷
518 1663 567 1712 tun
585 1675 667 1712 cause
687 1659 733 1713 sed
753 1675 823 1729 mee,
842 1676 885 1729 ne,
906 1660 930 1714 si
949 1659 1000 1714 tibi
1019 1660 1057 1714 sit

132 1738 248 1808 pecunia
262 1739 399 1808 adempta,
412 1738 511 1808 aliquis
524 1737 599 1791 dicat
609 1738 638 1790 id
650 1738 685 1790 ad
696 1754 742 1791 me
756 1743 882 1808 ereptum
894 1737 1055 1807 pervenisse,

132 1816 206 1885 quod
222 1816 345 1869 delatum
361 1817 483 1886 accipere
499 1815 663 1872 noluissem'
699 1817 725 1870 A
745 1833 799 1886 qno
819 1832 883 1869 cum
900 1816 1056 1886 quaesisset,

132 1909 186 1962 qno
208 1909 236 1946 se
257 1894 354 1949 deduci
373 1894 463 1964 vellet,
485 1900 512 1947 et
532 1893 579 1947 ille
600 1896 725 1948 Athenas
747 1894 867 1963 dixisset,
888 1894 1057 1963 praesidium

133 1970 215 2039 dedit,
236 1975 267 2023 ut
287 1975 346 2024 tuto
364 1972 524 2040 perveniret.
560 1972 655 2042 Neque
674 1989 738 2026 vero
756 1973 785 2025 id
803 1972 868 2025 satis
885 1971 989 2042 habuit,
1006 1972 1057 2026 sed

133 2047 224 2117 etiam,
247 2052 279 2100 ut
301 2048 448 2101 inviolatus
471 2049 500 2102 in
523 2065 624 2103 navem
648 2051 809 2119 escenderet,
833 2066 882 2120 per
905 2049 1056 2104 Chabriam

134 2125 339 2195 Atheniensem,
363 2125 397 2179 de
424 2143 478 2196 quc
507 2143 589 2196 supra
616 2125 787 2181 mentionem
815 2128 936 2197 fecimus,
960 2127 1056 2184 effecit.

133 2203 324 2257 Abstinentiae
342 2204 394 2257 erit
410 2204 462 2258 hoc
479 2205 544 2258 satis
561 2200 769 2262 testimonium.8
803 2205 927 2262 Plurima
943 2205 1057 2277 quidem

133 2282 253 2351 proferre
268 2298 413 2352 possemus,
425 2282 472 2336 sed
489 2282 587 2335 modus
604 2283 775 2338 adhibendus
792 2288 839 2354 est,
852 2282 983 2354 qnoniam
999 2299 1056 2339 nno

132 2358 184 2414 hoo
213 2360 353 2415 volumine
382 2361 469 2415 vitam
498 2360 692 2414 excellentium
720 2362 843 2416 virorum
871 2360 1056 2432 complurium

133 2437 292 2492 concludere
310 2438 505 2508 constituimus,
518 2433 650 2508 quorum⁹
666 2439 816 2509 seperatim
832 2438 927 2492 multis
944 2438 1056 2493 milibus

133 2531 262 2569 versuum
274 2516 425 2587 complures
437 2517 579 2586 scriptores
591 2521 655 2571 ante
666 2533 715 2570 nos
727 2517 907 2587 explicarunt.

168 2598 191 2648 5.
210 2594 274 2647 Iluit
294 2595 379 2648 etiam
399 2589 546 2664 disertus,¹⁰
562 2599 594 2649 ut
610 2611 692 2649 nemo
711 2595 736 2649 ei
754 2595 899 2651 Thebanus
916 2611 967 2666 per
987 2599 1057 2653 esset

162 2703 216 2748 1As
225 2707 252 2749 to
262 2705 370 2762 Cyzicus,
380 2719 419 2751 see
430 2706 522 2751 meost
534 2705 554 2762 l,
564 2721 587 2765 p.
598 2706 634 2762 96,
645 2720 667 2753 n.
678 2707 698 2757 7.

161 2760 172 2790 ⁵
181 2761 325 2808 Artaxerxes
336 2764 454 2809 Mnemon.
484 2765 533 2809 The
543 2765 599 2810 date
609 2765 630 2809 is
640 2767 714 2811 about
725 2764 767 2814 374
778 2776 825 2810 no.

160 2818 228 2863 3Τιιιι
238 2822 372 2866 accusative
382 2822 408 2866 of
419 2823 545 2879 reference,
556 2825 596 2868 ‘in
605 2825 707 2882 nothing
713 2823 804 2873 '-thet
814 2823 842 2878 is,
850 2824 860 2848 ⁴
867 2826 911 2868 not
921 2825 947 2867 et
957 2821 1005 2878 all‚'
1015 2822 1056 2867 ‘in

133 2876 351 2992 ¹¹⁰,lt,{·',„,{¹'g‘;⁷g=
360 2879 531 2984 {diffide}

161 2994 320 3038 ⁵Diomedon.
350 2995 378 3040 In
388 2997 430 3040 the
440 3000 499 3041 next
510 3000 622 3042 sentence
632 2997 663 3043 he
673 3001 742 3043 tums
751 3001 779 3044 to
789 2997 916 3055 hfioytbus.

161 3052 171 3084 ⁶
181 3051 335 3110 ‘Although,'
345 3067 371 3097 es
381 3054 423 3099 the
433 3068 502 3099 sense
511 3055 537 3099 of
544 3056 586 3100 the
596 3070 693 3114 passage
702 3057 785 3106 shows,

161 3112 172 3144 ⁷
181 3111 253 3156 ‘And
261 3110 321 3166 not,'
331 3125 357 3155 or
367 3113 430 3157 ‘and
439 3113 494 3158 that
504 3113 562 3158 not'

161 3169 296 3215 ⁸Gonstrue
306 3170 376 3216 thus:
393 3170 430 3214 tec
440 3172 582 3215 testimonium
591 3171 729 3218 abstemiae
742 3174 784 3218 erit
797 3173 856 3218 sans
885 3171 934 3217 The
949 3185 1057 3231 arrange·

132 3232 198 3273 ment
209 3229 235 3272 of
241 3229 283 3273 the
294 3227 370 3272 words
380 3228 401 3272 is
410 3229 540 3274 somewhat
550 3231 657 3276 unusual.

160 3287 213 3331 ⁹'l'o
230 3301 321 3346 meorum
338 3300 366 3331 su
383 3286 423 3345 ply
435 3288 509 3331 vitam.
544 3287 630 3344 Versus,
647 3289 719 3348 being
736 3289 833 3334 derived
848 3290 908 3334 from
925 3293 992 3346 serto,
1007 3289 1058 3334 end

132 3345 248 3390 therefore
258 3345 344 3447 simply
354 3301 396 3389 elle
406 3345 532 3404 ‘turning’
543 3346 569 3390 of
576 3347 618 3392 the
629 3348 694 3393 hand
704 3362 731 3392 or
739 3363 786 3408 peu
797 3352 823 3394 nt
832 3348 875 3393 the
884 3346 932 3392 end
942 3346 969 3392 of
975 3361 991 3392 s
1000 3347 1058 3404 line,

132 3403 153 3446 is
162 3403 222 3447 used
231 3403 268 3448 for
277 3417 292 3448 a
310 3405 348 3448 ine
358 3404 384 3448 in
393 3417 463 3462 prose
473 3417 499 3448 as
508 3404 560 3448 well
570 3418 596 3450 as
606 3405 632 3451 in
641 3420 713 3451 verse.

153 3459 177 3489 Μ
181 3461 223 3504 lta
230 3461 254 3506 is
263 3461 375 3520 omitted,
386 3476 414 3508 as
423 3463 568 3522 frequently.
