2288 3834
430 197 496 238 xix.
514 197 650 239 unomen.
951 187 1002 238 153

78 326 210 393 praeerat.
237 321 291 375 Hic
300 322 336 375 ab
346 319 475 391 Agnone¹
485 328 631 393 accusatus,
640 322 713 393 quod
721 323 864 380 Piraeeum
872 324 1002 378 Nicanori

79 400 247 470 prodidisset,
271 415 307 452 ex
330 400 435 453 consilii
458 395 608 454 sententia⁹
631 401 661 454 in
685 402 835 455 custodiam
858 402 1001 471 conjectus,

79 477 204 531 Athenas
216 477 347 531 deductus
358 483 404 547 est,
417 483 448 531 ut
459 479 498 531 ibi
510 478 545 531 de
557 494 589 531 eo
600 477 705 547 legibus
716 479 794 532 fieret
801 479 944 548 judicium.

113 559 137 609 4.
156 555 219 607 Huc
234 555 282 607 ubi
298 560 462 624 perventum
479 560 526 625 est,
539 551 618 608 cum³
630 560 741 625 propter
756 561 875 610 aetatem
888 556 1002 627 pedibus

75 631 137 701 jam
157 648 213 684 non
233 632 343 701 valeret,
364 632 543 702 vehiculoque
563 637 724 703 portaretur,
744 634 839 702 magni
859 650 1002 688 concursus

79 714 142 762 sunt
166 709 247 776 facti;
274 726 337 762 cum
361 710 416 779 elii,
440 711 644 764 reminiscentes
663 711 762 764 vetens
785 712 882 780 famae,
906 712 1002 766 aetatis

78 788 279 857 misererentur,
298 788 410 856 plurimi
428 804 492 841 vero
509 788 551 840 ira
569 793 765 841 exacuerentur
783 793 894 858 propter
912 789 1002 858 prodi.-

78 864 161 917 tionis
176 864 356 933 suspicionem
369 865 481 934 Piraeei,
493 866 670 935 maximeque
685 865 758 936 quod
769 866 896 919 adversus
908 867 1002 937 populi

79 943 223 996 commoda
243 943 272 995 in
292 946 428 996 senectute
450 947 568 998 steterat.
604 944 663 1008 Qua
683 943 717 996 de
735 938 781 996 re4
801 959 836 996 ne
856 944 1001 1013 perorandi

79 1019 191 1088 quidem
209 1020 234 1072 ei
251 1020 316 1073 data
334 1024 374 1073 est
390 1021 504 1073 facultas
522 1026 549 1072 et
566 1019 673 1074 dicendi
692 1015 819 1073 causam⁶
835 1020 865 1073 in
880 1020 984 1089 judicio
993 1042 1001 1088 ;

78 1096 208 1165 legitimis
220 1097 383 1167 quibusdam
401 1092 549 1167 contectis,⁶
560 1098 714 1167 damnatus,
726 1098 842 1151 traditus
860 1103 900 1151 est
916 1098 1001 1153 unde-

79 1170 219 1244 cimviris,⁷
233 1176 332 1245 quibus
347 1176 383 1228 ad
400 1174 564 1245 supplicium
578 1191 655 1229 more
667 1175 878 1229 Atheniensium
893 1176 1002 1246 pubhce

78 1247 219 1306 damnati⁸
227 1253 299 1306 tradi
312 1253 405 1309 solent.
433 1253 487 1306 Hic
499 1268 563 1306 cum
574 1253 609 1306 ad
618 1258 736 1307 mortem
745 1253 896 1323 duceretur,
906 1253 1002 1308 obvius

78 1330 103 1383 ei
127 1331 180 1383 fuit
200 1330 368 1401 Euphiletus,
389 1335 442 1400 quo
466 1330 639 1384 familiariter
661 1331 750 1384 iuerat
772 1347 843 1386 usus.
887 1331 915 1384 Is
938 1346 1001 1394 cum

77 1407 224 1462 lacrimans
244 1408 357 1462 dixisset
378 1406 417 1463 ‘O
438 1425 523 1479 quam
542 1408 657 1476 indigna
676 1409 831 1479 perpeteris,
850 1409 970 1462 Phocion
981 1409 1000 1465 i’

78 1485 142 1538 huic
161 1486 209 1539 ille
231 1485 286 1539 ‘at
306 1503 362 1540 non
385 1486 544 1556 inopinata,’
565 1486 662 1556 inquit,
684 1486 774 1539 ‘huno
796 1487 872 1540 enim
895 1487 1002 1541 exitum

78 1562 200 1633 plerique
217 1563 283 1617 clari
296 1564 348 1616 viri
363 1563 520 1617 habuerunt
533 1563 729 1618 Athenienses!
765 1564 800 1616 ln
812 1558 880 1617 hoc⁰
891 1568 1001 1625 tanturn

78 1640 130 1693 fuit
142 1641 236 1694 odium
247 1640 440 1711 multitudinis,
449 1644 481 1694 ut
492 1656 574 1694 nemo
586 1657 666 1694 ansus
678 1641 713 1694 sit
725 1656 788 1694 eum
799 1640 869 1694 liber
880 1641 1000 1711 sepelire.

80 1717 177 1788 Itaque
189 1734 206 1770 a
218 1719 301 1772 servis
313 1718 433 1788 sepultus
444 1713 516 1773 est.¹⁰
1050 1706 1057 1721 ’

107 1865 117 1895 1
127 1866 149 1909 A
160 1865 310 1924 demagogue,
320 1864 396 1910 called
405 1865 439 1922 by
446 1865 515 1910 other
521 1866 612 1909 writers
619 1864 763 1923 Agnonides.
786 1864 900 1922 Compare
908 1865 1000 1923 Metal,

77 1921 134 2010 p⁴²9²
142 1937 171 2025 lh
179 1923 325 2026 hhcordanoe
335 1981 393 2025 with
403 1979 446 2025 the
452 1979 580 2038 jndgment
591 1980 617 2025 oi
624 1980 665 2026 the
676 1979 784 2026 counoil!

106 2037 183 2085 8Gom
203 2039 260 2084 does
279 2042 322 2084 not
341 2052 405 2083 seem
425 2042 451 2083 to
470 2052 539 2083 mean
560 2037 616 2083 ‘as'
636 2039 699 2095 here,
719 2038 764 2084 but
784 2039 872 2096 merely
889 2039 1001 2096 ‘whilst‚'

78 2096 230 2156 introducing
243 2111 257 2142 a
270 2100 320 2141 sort
334 2097 360 2140 ef
371 2097 544 2154 parenthetical
554 2097 710 2142 observation.
739 2097 813 2143 There
826 2111 866 2144 are
877 2101 918 2144 too
928 2112 1001 2156 many

78 2154 233 2200 subordinate
243 2154 334 2200 clauses
343 2155 369 2199 in
380 2155 428 2199 this
438 2159 556 2200 sentence.

106 2214 117 2245 ⁴
126 2213 233 2270 Namely,
243 2214 285 2257 the
296 2214 388 2270 suspicio
395 2213 527 2270 predicente
538 2213 636 2257 Piraeei.

106 2271 117 2301 ⁶
126 2271 195 2315 After
201 2271 326 2328 perorandi
333 2271 383 2315 this
393 2271 414 2315 is
424 2269 577 2328 superfluous.

106 2329 116 2361 ⁶
126 2329 237 2374 ‘certain
247 2329 306 2387 legal
317 2329 452 2374 iormalities
462 2329 548 2386 having
557 2329 618 2373 been
628 2341 688 2386 gone
698 2327 816 2386 through'

106 2387 174 2432 ⁷‘To
190 2388 231 2431 the
246 2386 351 2442 Eleren'
365 2400 380 2431 a
395 2386 469 2431 board
483 2386 510 2431 ei
524 2387 711 2432 commissionem
727 2390 752 2431 at
768 2387 869 2443 Atheus,
884 2386 937 2431 who
953 2386 1002 2432 had

78 2446 162 2504 charge
172 2446 199 2490 ot
205 2445 248 2490 the
257 2446 333 2503 police
343 2444 391 2489 and
401 2444 443 2489 the
452 2445 608 2502 punishment
617 2446 643 2488 ot
650 2444 775 2490 cnnnnals.

107 2502 185 2549 ⁸That
210 2504 239 2560 is,
263 2516 361 2561 persons
388 2502 536 2548 condemned
559 2503 594 2546 ior
620 2502 724 2549 offences
747 2502 838 2561 against
863 2501 905 2547 the
929 2505 999 2550 state.

79 2559 202 2605 Phocion's
212 2561 303 2619 alleged
312 2561 384 2606 crime
394 2574 442 2605 was
452 2560 508 2619 high
518 2564 619 2605 treasou.

107 2617 192 2663 ⁹M0re
201 2619 319 2677 naturally
329 2620 352 2662 ἐκ
362 2618 422 2663 lunc.
452 2617 607 2673 Secutae
634 2616 687 2674 .83‚
697 2631 719 2661 n.
731 2617 751 2662 9.

108 2674 128 2705 ¹⁰
136 2676 160 2721 lt
170 2690 217 2720 was
227 2677 304 2735 illegul
314 2680 340 2723 to
349 2677 409 2734 bury
417 2676 512 2721 traitors
520 2675 604 2720 within
614 2679 625 2720 t
643 2673 808 2719 eboundaries
817 2674 843 2719 ot
849 2673 945 2720 Attica:
960 2689 1001 2722 see

82 2732 179 2777 itamar.
198 2733 233 2789 lo,
251 2736 304 2780 end.
340 2735 445 2780 Phocion
462 2747 509 2778 was
526 2733 641 2778 therefore
659 2733 763 2777 interred
779 2732 804 2776 in
821 2733 863 2778 the
880 2732 1001 2790 adjoining

80 2791 174 2835 district
189 2791 215 2834 oi
227 2791 332 2850 Megaris.
362 2791 514 2848 Afterwards,
526 2791 595 2835 when
610 2791 652 2835 the
698 2791 751 2848 ople
768 2789 883 2848 repented
898 2792 925 2837 of
937 2792 1001 2838 their

80 2847 191 2905 conduct,
202 2848 239 2894 his
248 2850 321 2896 bones
330 2864 391 2896 were
401 2851 474 2896 taken
483 2864 524 2908 up,
535 2848 583 2894 and
592 2849 659 2894 burie
687 2852 712 2894 at
722 2848 821 2895 Atheus.
