2288 3834
175 179 226 232 136
499 189 640 232 conunnn
653 191 777 232 unroms
856 199 858 205 ·

174 316 225 387 his,
238 316 285 388 qui
301 321 362 370 tum
379 317 556 373 accubabant.
593 319 645 384 Qui
661 335 725 372 cum
741 320 812 388 regis
828 313 932 373 verbis¹
948 334 1017 388 quae
1036 323 1109 372 attu-

174 395 265 449 lerant
285 395 430 464 dedissent,
448 395 495 450 ille
513 401 622 466 praeter
638 397 785 450 vitulinam
807 402 834 450 et
855 397 987 467 ejusmodi
1006 413 1108 464 genera

175 473 288 542 obsonii,
313 489 383 543 quae
406 489 534 542 praesens
558 479 666 544 tempus
689 474 870 544 desiderabat,
894 474 965 527 nihil
986 474 1108 543 accepit;

174 555 322 619 unguenta,
341 567 461 619 coronas,
480 552 682 622 secundamque
699 548 842 605 mensam²
860 553 945 606 servis
962 553 1108 622 dispertiit,

175 633 265 682 cetera
285 629 381 682 referri
397 629 485 698 jussit.
522 630 581 695 Quo
602 630 681 699 facto,
703 646 767 683 eum
787 630 899 683 barbari
917 631 1005 698 magis
1022 631 1109 682 etiam

176 711 405 777 contempserunt,
424 707 497 777 quod
516 724 580 761 eum
600 708 757 776 ignorantia
777 708 913 761 bonarum
932 703 1042 761 rorum³
1059 707 1109 761 illa

175 785 348 855 potissimum
361 785 507 855 sumpsisse
519 786 732 841 arbitrabantur.

210 862 265 916 Hic
277 879 341 916 cum
353 879 389 916 ex
402 864 528 933 Aegypto
540 868 730 933 reverteretur,
743 864 860 918 donatus
872 880 963 932 aroge
972 865 998 916 N
1000 869 1109 917 estana-

175 936 254 994 bide⁴
270 941 395 995 ducentis
411 941 510 1010 viginti
526 941 644 1005 talentis,
661 959 731 1011 quae
749 942 796 996 ille
813 943 923 995 muneri
941 942 1042 1012 populo
1060 959 1109 995 suo

175 1019 261 1088 daret,
279 1019 451 1088 venissetque
472 1019 501 1071 in
523 1025 641 1088 portum,
660 1021 707 1089 qui
726 1020 845 1073 Menelai
863 1026 983 1088 vocatur,
997 1015 1110 1088 jacens⁵

175 1097 248 1150 inter
260 1091 398 1167 (lyrenas6
409 1101 437 1150 et
449 1098 615 1166 Aegyptum,
628 1097 658 1150 in
675 1099 805 1151 morbum
817 1097 974 1168 implicitus,
986 1098 1109 1154 decessit.

176 1175 221 1229 Ibi
239 1191 303 1228 eum
321 1175 411 1243 amici,
427 1190 480 1243 quo
498 1175 626 1244 Spartam
644 1174 750 1229 facilius
768 1177 888 1246 perferre
906 1181 1022 1246 possent,
1035 1177 1110 1247 quod

175 1253 233 1306 mel
248 1269 304 1305 non
318 1251 467 1322 habebant,
483 1247 562 1306 cera⁷
578 1253 820 1323 circumfuderunt,
836 1258 919 1324 atque
936 1254 976 1307 ita
993 1254 1111 1308 domum

175 1331 336 1385 retulerunt.

204 1481 214 1512 ¹
225 1481 267 1525 ‘In
278 1481 320 1526 the
330 1479 407 1538 kiug's
417 1479 504 1526 name'
533 1481 578 1526 See
591 1482 690 1527 wamia
701 1482 723 1538 l,
734 1496 756 1540 p.
767 1482 804 1538 21,
815 1497 837 1528 n.
848 1482 869 1529 8.

204 1538 215 1570 ¹
224 1539 285 1584 'lhat
296 1540 323 1596 is,
335 1539 393 1584 ‘the
403 1539 492 1584 second
502 1539 602 1596 course‚’
612 1539 736 1596 ‘dessert‚'
747 1540 837 1586 ‘fruit'

204 1597 215 1630 ³
224 1599 301 1642 Bonae
311 1597 412 1642 resuere
423 1611 462 1642 are
473 1597 630 1643 ‘delicacien’

205 1656 371 1702 ⁴Nectanebis
385 1656 489 1701 rebelled
504 1657 597 1715 against
612 1656 712 1714 luobus,
727 1656 776 1702 and
791 1657 915 1715 Agesilaus
933 1657 1036 1703 assisted
1051 1659 1110 1706 him.

177 1715 221 1762 See
232 1714 297 1762 olas.
308 1713 330 1771 2,
340 1729 363 1774 p.
375 1714 412 1771 93,
422 1729 445 1759 n.
457 1715 477 1760 6.

206 1772 338 1832 “Properly
345 1773 461 1830 jacentem,
475 1772 585 1831 agreeing
596 1773 655 1817 with
668 1778 764 1830 portura,
775 1774 820 1819 but
835 1774 855 1819 it
870 1775 891 1818 is
905 1773 986 1819 &own
1000 1775 1053 1820 into
1066 1776 1111 1822 tbe

176 1832 273 1878 relative
284 1833 371 1887 clause,
381 1831 430 1877 and
439 1831 509 1876 made
520 1835 547 1876 to
557 1845 626 1890 agree
636 1831 695 1876 with
705 1833 749 1890 qui.

176 1890 317 1993 Afl'cyrene
326 1904 353 1934 or
363 1889 476 1948 Oyrenae,
487 1903 518 1934 en
528 1889 659 1948 important
670 1889 748 1935 Greek
760 1890 810 1947 city
820 1904 851 1935 ou
865 1890 908 1935 the
921 1891 992 1935 north
1006 1896 1073 1938 coast
1087 1893 1115 1938 ol

221 1962 263 1993 ica.

206 2005 289 2049 ⁷Both
303 2005 382 2062 honey
396 2004 444 2050 and
459 2019 512 2049 wax
527 2019 589 2050 were
603 2004 663 2050 used
678 2006 711 2063 by
724 2007 767 2052 the
783 2007 891 2052 anclents
905 2006 941 2051 lor
956 2007 1110 2068 embalming,

177 2063 219 2109 the
229 2064 302 2109 latter·
311 2063 438 2122 especially
448 2063 533 2121 hythe
544 2063 659 2110 Persicus.
