2288 3834
20 3550 45 3614 Ι

108 215 159 266 198
432 224 572 264 sennenn
584 223 707 264 usrorrs

104 345 290 419 ostendimus,¹
310 350 392 420 paulo
416 355 480 404 ante
504 367 584 419 opem
607 349 708 402 tulerat
732 349 821 420 (tanta
842 349 967 404 varietas
993 349 1036 405 his

105 427 274 496 temporibus
295 428 347 481 fuit
365 429 498 498 fortunae,
510 432 541 480 ut
561 427 643 481 modo
663 427 701 496 hi,
713 428 795 481 modo
811 426 854 480 illi
874 427 907 480 in
926 444 1036 482 summo

105 509 195 557 essent
206 508 254 557 aut
266 505 372 574 fastigio
382 511 429 558 aut
439 504 578 576 periculo),
585 505 757 575 habebatque
769 521 862 559 secum
871 505 904 570 Q.
912 505 1036 561 Gellium

105 582 221 650 Canum,
248 582 391 653 aequalem
420 583 648 652 simillimumque
676 584 725 638 sui.
768 583 829 636 Hoc
858 598 973 653 quoque
1001 583 1037 637 sii
1080 650 1082 659 Ι

106 659 193 713 Attici
213 660 343 714 bonitatis
364 661 531 729 exemplum,
544 661 616 729 quod
635 677 698 713 cum
719 677 757 730 eo,
770 676 853 729 quem
865 675 990 729 puerum
1007 661 1037 715 in

104 737 169 791 ludo
182 742 317 808 cognorat,
330 739 398 792 adeo
408 739 550 807 conjuncte
563 739 641 806 vixit,
652 742 685 790 ut
695 738 731 791 ad
743 742 898 790 extremam
911 742 1037 792 aetatem

105 815 227 869 amicitia
248 833 342 869 eorum
364 817 487 870 ereverit.
522 816 659 869 Antonius
677 820 777 884 autem,
798 815 849 868 etsi
869 819 953 870 tanto
973 817 1037 871 odio

105 889 257 947 ferebatur2
269 895 299 947 in
312 895 479 961 Ciceronem,
492 897 523 946 ut
540 910 595 946 non
609 893 697 947 solum
709 894 734 946 ei
746 893 889 946 sedetiam
902 894 1038 948 omnibus
1055 926 1057 930 ·

104 972 162 1041 ejus
182 973 276 1026 amicis
296 977 364 1025 esset
384 972 519 1041 inimicus,
532 987 628 1041 eosque
641 971 723 1025 vellet
742 970 920 1041 proscribere,
940 971 1038 1025 multis

104 1045 298 1120 hortantibus,³
321 1055 414 1104 tamen
436 1049 521 1103 Attici
544 1064 651 1102 memor
678 1050 731 1102 fuit
755 1048 842 1117 officii,
864 1052 891 1101 et
914 1049 950 1118 ei,
971 1066 1037 1103 cnm

104 1122 275 1197 requisisset⁴
293 1128 409 1180 ubinam
436 1131 511 1196 esset,
532 1143 581 1181 sua
601 1142 686 1180 manu
713 1127 827 1196 scripsit,
853 1142 890 1179 ne
921 1127 1038 1181 timeret

104 1203 267 1275 statimque⁵
279 1206 315 1259 ad
332 1221 360 1258 se
372 1205 496 1260 veniret:
514 1221 542 1258 se
562 1221 625 1258 eum
643 1209 670 1257 et
685 1204 759 1257 illius
776 1219 856 1257 causa
869 1202 984 1258 (lanum
1001 1205 1037 1259 ds

104 1284 319 1353 proscriptorum
339 1299 454 1335 numero
474 1283 613 1337 exemisse.
658 1284 707 1352 Ac,
727 1281 852 1351 nequod
875 1282 1038 1350 periculum

104 1361 244 1428 incideret,
257 1360 329 1429 quod
341 1364 424 1412 noctu
435 1360 527 1428 fiebat,
539 1360 706 1429 praesidium
718 1360 743 1413 ei
755 1359 837 1412 misit.
863 1359 909 1413 Sic
923 1361 1037 1414 Atticus

104 1438 135 1491 in
161 1453 269 1490 summo
295 1438 393 1490 timore
422 1453 477 1490 non
504 1436 592 1490 solum
621 1437 672 1490 sibi
701 1437 748 1490 sed
777 1437 861 1490 etiam
890 1436 927 1506 ei,
952 1454 1038 1508 quem

105 1515 276 1568 carissimum
288 1515 415 1584 habebat,
428 1514 562 1584 praesidio
574 1515 633 1570 fuit.
668 1516 763 1585 Neque
775 1514 850 1567 enim
862 1529 931 1568 suae
944 1516 1037 1570 solnm

104 1609 122 1647 a
134 1610 272 1663 quoquam
284 1593 421 1646 auxilium
433 1592 512 1662 petiit
523 1592 625 1661 salutis,
637 1587 700 1646 sed⁶
712 1597 744 1646 ut
761 1596 906 1662 appareret
925 1593 1039 1647 nullam

104 1671 256 1741 sejunctam
276 1672 328 1725 sibi
344 1671 380 1724 ab
401 1687 432 1725 eo
451 1670 522 1724 velle
543 1670 690 1727 fortunam.
725 1670 803 1736 Quod
822 1669 845 1722 si
864 1669 1039 1738 gubernator

103 1751 251 1819 praecipua
279 1750 361 1803 laude
387 1743 493 1819 fertur,⁷
516 1749 564 1818 qui
587 1765 688 1802 navem
717 1764 754 1801 ex
782 1748 875 1801 hieme
904 1751 1039 1820 marique

105 1828 244 1896 scopuloso
277 1831 374 1896 servet,
405 1843 453 1880 cur
485 1843 541 1880 non
572 1825 717 1894 singularis
750 1826 808 1895 ejus
840 1823 1040 1882 existimetur⁸

103 1905 257 1975 prudentia,
270 1906 317 1974 qui
330 1921 365 1957 ex
377 1909 417 1957 tot
429 1909 542 1974 tamque
558 1905 687 1973 gravibus
707 1903 831 1973 procellis
849 1903 986 1960 civilibus
1004 1905 1039 1960 ad

104 1982 324 2036 incolumitatem
336 1983 478 2050 pervenit?

141 2065 180 2115 11.
200 2060 303 2124 Quibus
315 2076 350 2112 ex
361 2059 442 2113 melis
459 2064 491 2113 ut
508 2076 536 2113 se
554 2053 684 2130 emersit,9
695 2058 767 2112 nihil
778 2057 853 2111 aliud
871 2058 938 2128 egit,
952 2077 1039 2132 quam

104 2141 136 2190 ut
157 2137 290 2207 plurimis,
312 2137 410 2207 quibus
428 2138 509 2191 rebus
529 2141 625 2207 posset,
645 2141 714 2190 esset
729 2135 840 2190 auxilio.
878 2136 1037 2210 cumpro

104 2216 216 2286 scriptos
228 2215 357 2286 praemiis
363 2209 385 2245 ¹⁰
397 2215 595 2285 imperatorum
607 2214 703 2283 vulgus
715 2213 895 2284 conquireret,
908 2231 1001 2272 nemo
1012 2218 1039 2272 in

132 2386 142 2418 1
151 2387 233 2433 About
243 2388 286 2433 the
295 2386 386 2433 middle
396 2387 423 2433 of
430 2387 472 2433 the
481 2386 611 2445 preceding
621 2387 726 2446 chapter.

132 2452 186 2498 ssAs
197 2457 223 2498 to
233 2455 275 2499 the
285 2468 328 2499 use
338 2455 365 2498 of
365 2454 440 2512 feror,
451 2466 560 2510 compare
569 2452 640 2497 Abit.
652 2453 673 2509 9,
684 2467 706 2511 p.
718 2452 754 2508 64,
764 2465 787 2496 ra
799 2450 820 2500 7.

132 2519 142 2550 ⁸
153 2519 264 2578 ‘Though
274 2534 346 2578 many
356 2518 455 2564 advised
465 2520 485 2563 it
493 2518 512 2574 3'
527 2520 629 2576 namely,
639 2519 681 2564 the
692 2518 848 2577 proscription
859 2518 887 2562 of
894 2518 1011 2569 Atticus.

132 2585 244 2632 “When
261 2586 291 2632 he
309 2585 358 2631 had
377 2584 466 2641 asked'
484 2585 532 2629 aud
552 2585 715 2639 ascertained3
736 2585 772 2629 for
792 2584 856 2629 what
877 2585 900 2630 is
920 2589 1040 2648 properly

104 2643 193 2700 merely
202 2645 245 2688 the
255 2644 408 2700 antecedent,
418 2643 474 2687 here
484 2643 593 2688 includes
602 2643 645 2688 the
656 2645 809 2700 consequent.

133 2707 144 2739 ⁵
154 2709 202 2753 Out
210 2711 236 2754 of
242 2725 268 2754 ae
279 2712 334 2755 take
343 2714 405 2766 utto
415 2723 501 2768 govem
510 2711 598 2756 veniret.
619 2710 721 2754 Observe
731 2708 785 2753 that
796 2708 884 2765 scripsit
894 2709 917 2754 is
927 2712 1044 2760 followed

104 2767 157 2812 first
166 2767 183 2812 b
209 2769 298 2813 neurith
308 2770 350 2813 the
360 2768 518 2825 subjunctive,
529 2769 577 2813 and
587 2767 724 2813 afterwards
733 2767 765 2823 by
775 2766 818 2810 the
828 2770 973 2816 accusative
984 2773 1044 2819 with

104 2825 147 2869 the
156 2781 285 2872 influitive:
302 2828 344 2871 the
360 2841 443 2871 reason
461 2827 539 2884 being,
554 2826 608 2872 that
624 2827 649 2870 in
664 2826 706 2870 the
721 2826 806 2870 former
821 2836 875 2868 ease
894 2827 972 2875 there
992 2832 1044 2878 isa

105 2883 247 2938 command;
261 2884 287 2928 in
296 2885 338 2928 the
349 2885 429 2942 latter,
440 2899 454 2930 a
464 2889 594 2930 statement
604 2885 630 2929 of
636 2885 691 2928 fact.

133 2949 185 2994 6Το
196 2949 233 2994 sed
245 2963 280 2995 we
290 2951 376 3008 supply
385 2953 418 2995 ito
427 2951 535 2994 coritium
576 2952 616 2996 tiit.
646 2949 763 2994 Construe
773 2948 815 2993 the
824 2946 951 3011 following
962 2955 1046 3002 worda

104 3009 176 3054 thus:
200 3013 223 3053 ut
238 3013 355 3066 appareret
372 3009 442 3067 (eum)
460 3008 512 3053 oeta
529 3009 570 3052 sii
589 3007 672 3051 nullam
686 3008 805 3066 sorianum
825 3005 950 3062 sejunctam
973 3013 1004 3058 ab
1021 3028 1046 3059 ao

106 3068 187 3126 (arnico
197 3067 317 3121 carissimo,
329 3066 413 3124 Cono)‚·
429 3067 484 3112 that
494 3067 523 3122 is,
534 3066 603 3110 ‘that
612 3066 633 3109 it
641 3078 688 3126 was
698 3064 794 3109 evident
804 3063 858 3108 that
868 3063 901 3108 he
914 3066 1046 3130 (Atticus)

104 3125 196 3228 vplished
215 3125 250 3170 for
269 3125 365 3170 himself
382 3138 413 3170 no
434 3123 516 3183 (good)
532 3124 626 3168 fonune
643 3123 669 3167 in
683 3123 761 3168 which
781 3121 818 3166 his
834 3122 918 3170 friend
933 3126 982 3174 did
1000 3133 1046 3177 not

105 3196 117 3227 s
135 3197 181 3227 are.

133 3241 144 3273 ⁷
154 3240 298 3298 Equivalent
308 3243 334 3286 to
344 3241 438 3297 effatur.
468 3238 513 3283 See
523 3238 621 3296 Lysond.
632 3240 654 3294 4,
664 3253 688 3296 ρ,
699 3239 736 3294 53,
746 3252 770 3284 n.
780 3238 802 3284 4.

134 3298 145 3330 ⁸
156 3299 202 3346 oar
211 3299 427 3343 nors-eaistimetum
443 3296 520 3340 Gram.
531 3295 544 3351 ξ
556 3296 612 3353 349;
627 3297 700 3341 Elem.
713 3298 789 3342 Grata.
801 3295 851 3351 348,
862 3295 882 3341 3.

134 3357 250 3415 ⁹Emcrpo
268 3358 289 3401 is
309 3355 427 3414 generally
445 3352 506 3398 used
526 3368 552 3399 as
568 3368 582 3399 a
601 3359 686 3401 neuter
704 3355 768 3409 verb,
789 3353 869 3398 whilst
889 3369 972 3429 merpo
994 3363 1046 3410 md

105 3415 210 3472 immerpo
221 3428 259 3460 are
270 3415 353 3460 activa
383 3412 498 3457 Howcver
507 3427 529 3456 se
539 3427 644 3471 emerperc
655 3413 711 3457 does
722 3426 799 3468 occur,
809 3425 869 3456 even
879 3412 906 3458 in
918 3416 1017 3467 010010,

129 3472 446 3534 10Forpr0pterpraemio:
462 3483 501 3516 see
519 3470 636 3529 Commi,
648 3485 671 3529 p.
682 3469 720 3527 75,
735 3469 794 3516 n2.
824 3469 897 3528 Here,
909 3487 939 3520 as
955 3477 986 3525 in
1002 3480 1047 3526 ειη
