2288 3834
171 220 224 273 146
494 230 769 272 couusnnunrorrs

169 357 267 428 hisque
275 356 414 428 praecipit,
423 362 455 410 ut
464 357 555 427 prima
566 354 663 428 nocte,¹
671 374 755 428 quam
763 356 894 411 latissime
903 356 1013 426 possint,
1018 355 1096 426 ignes

170 436 274 490 faciant
288 451 373 505 quam
389 436 534 504 maximos,
552 440 634 506 atque
650 436 700 488 hos
717 435 836 489 mcunda
847 435 941 504 vigilia
957 435 1095 504 minuant,

170 513 252 566 tertia
269 513 429 581 perexiguos
446 513 569 582 reddant,
588 518 622 582 et,
641 513 799 566 assimulata
817 516 967 566 castrorum
984 528 1096 566 consue·

170 589 274 658 tudine,
292 590 473 660 suspicionem
490 591 616 660 injiciant
632 590 762 660 hostibus,
779 590 823 643 his
839 591 905 643 locis
923 587 980 643 esse
998 594 1095 659 eastra,

171 683 203 720 ao
219 668 252 720 de
267 682 364 721 eorum
379 668 500 721 adventu
515 684 572 720 esse
587 668 830 737 praenunciatum
846 667 974 737 idemque
987 671 1097 736 postera

170 749 250 798 nocte
262 745 370 800 iaciant.
397 745 500 810 Quibus
512 745 678 814 imperatum
690 749 755 812 erat,
764 744 909 813 diligenter
917 748 1096 814 praeceptum

170 827 274 878 curant.
294 823 463 892 Antigonus,
472 822 591 875 tenebris
603 822 711 891 obortis,
720 822 796 890 ignes
807 822 995 891 conspicatum
1009 822 1097 875 credit

171 899 206 953 de
222 916 270 953 suo
287 900 407 954 adventu
425 916 481 953 esse
498 899 671 969 auditumst
687 899 855 953 adversarios
872 899 937 951 illuc
952 914 1015 952 suas
1032 915 1097 952 con-

171 977 285 1031 traxisse
297 978 394 1048 copias.
423 977 514 1030 Mutat
525 977 676 1046 consilium,
685 979 720 1046 et,
732 977 863 1046 quoniam
874 971 1097 1046 imprudentem²

171 1055 273 1108 adoriri
295 1070 352 1109 non
375 1058 471 1124 posset,
491 1054 575 1108 flectit
599 1054 652 1107 iter
674 1070 762 1123 suum,
784 1058 811 1108 et
835 1053 915 1107 illum
939 1054 1097 1106 anfractum

160 1131 321 1202 longiorem
338 1133 461 1202 copiosae
473 1131 534 1185 viae
552 1132 631 1202 capit,
647 1131 739 1201 ibique
756 1131 830 1184 diem
846 1146 936 1184 uuum
952 1132 1097 1200 opperitur

168 1211 207 1270 ad
223 1210 412 1263 lassitudinem
430 1209 580 1262 sedandam
599 1209 722 1262 militum
741 1225 774 1262 ac
793 1208 941 1262 reficienda
957 1208 1096 1278 jumenta,

128 1281 132 1289 “
170 1303 225 1357 quo
236 1287 382 1355 integriore
393 1287 515 1339 exercitu
526 1287 690 1343 decerneret.

206 1369 246 1418 10.
265 1359 335 1417 Hic³
358 1365 494 1417 Eumenes
517 1364 647 1417 callidum
670 1364 865 1434 imperatorem
885 1362 951 1416 vicit
974 1363 1096 1433 consilio,

171 1440 391 1510 celeritatemque
399 1441 544 1511 impedivit
556 1437 633 1510 ejus,⁴
644 1458 733 1511 neque
741 1445 835 1495 tamen
844 1441 964 1494 multum
973 1440 1097 1510 profecit.

171 1519 245 1572 Nam
253 1518 360 1572 invidia
367 1518 476 1588 ducum,
484 1535 548 1572 euru
557 1519 655 1588 quibus
664 1522 729 1587 erat,
737 1519 905 1589 perfidiaque
913 1517 1099 1573 Macedonum

170 1600 371 1666 veteranorum,
386 1613 449 1650 cum
464 1597 587 1666 superior
601 1596 704 1666 proelio
719 1596 887 1665 discessisset,
901 1595 1040 1664 Antigono
1056 1601 1099 1650 est

170 1669 298 1743 deditus,⁵
318 1690 382 1728 cum
402 1675 537 1727 exercitus
560 1674 585 1727 ei
607 1678 650 1727 ter
672 1678 744 1744 aute,
765 1674 896 1743 separatis
918 1673 1097 1743 temporibus,

165 1752 284 1823 jurasset
295 1767 324 1805 se
335 1768 399 1805 eum
411 1751 593 1820 defensurum,
603 1767 691 1820 neque
702 1767 826 1821 unquam
835 1751 1012 1805 deserturum.
1042 1751 1099 1806 Sed

171 1833 249 1882 tanta
257 1829 309 1882 fuit
317 1829 514 1883 nonnullorum
523 1824 647 1882 virtuth⁶
656 1829 824 1897 obtrectatio,
832 1834 864 1880 ut
872 1829 957 1882 fidem
969 1828 1099 1882 amittere

171 1906 287 1959 mallent
306 1923 390 1976 quam
410 1922 474 1960 eum
494 1923 550 1960 non
570 1906 689 1976 perdere.
729 1907 821 1977 Atque
840 1906 915 1958 hunc
933 1905 1098 1974 Antigonus,

171 1983 250 2035 curn7
267 1983 293 2036 ei
309 1984 403 2037 fuisset
420 1984 617 2053 infestissimus,
635 1988 824 2053 conservasset,
842 1984 865 2037 si
883 1999 932 2053 per
949 1998 1010 2035 suos
1027 1987 1099 2036 esset

171 2059 286 2130 licitum,
298 2061 371 2130 quod
384 2061 422 2114 ¹ab
437 2061 514 2114 nullo
530 2077 558 2114 se
574 2061 635 2130 plus
650 2061 776 2130 adjuvari
791 2077 868 2131 posse
884 2060 1055 2128 intelligebat
1067 2061 1099 2115 in

171 2137 205 2190 iis
222 2137 309 2208 rebus,
328 2154 395 2207 quas
411 2137 570 2207 impendere
584 2138 646 2207 jam
661 2138 811 2208 apparebat
827 2138 962 2192 omnibus.
998 2137 1098 2191 Immi-

171 2215 275 2269 nebaut
288 2215 364 2269 euim
375 2216 508 2285 Seleucus,
521 2215 706 2286 Lysimachus,
720 2209 911 2286 Ptolemaeus,⁸
923 2215 1021 2285 opibus
1033 2215 1099 2284 jam

199 2365 210 2397 1
219 2366 275 2411 'lhis
282 2367 303 2411 is
311 2365 415 2424 opposed
424 2368 468 2411 not
477 2369 504 2411 to
510 2371 600 2423 postero
609 2370 675 2423 mete,
683 2366 728 2411 but
738 2369 764 2411 to
775 2365 868 2410 sccuado
878 2365 926 2410 aud
935 2365 1001 2409 tertia
1010 2365 1098 2423 sigilio.

170 2424 195 2470 It
203 2438 293 2480 means,
303 2425 427 2480 therefore,
437 2425 477 2468 ‘in
487 2423 530 2468 the
540 2424 592 2468 first
601 2429 655 2482 part
669 2425 695 2469 or*
706 2425 748 2469 the
762 2423 847 2483 night*
858 2437 889 2469 on
902 2425 945 2468 the
957 2436 1022 2468 same
1032 2424 1099 2481 prin-

171 2482 232 2540 ciple
242 2497 272 2528 ou
280 2483 358 2527 which
368 2483 454 2538 trimus
464 2497 523 2526 mons
532 2483 553 2526 is
563 2483 605 2526 the
616 2483 711 2527 ‘lowest
722 2485 784 2540 part,
794 2496 820 2526 or
829 2483 886 2538 ioot,
898 2482 924 2526 of
931 2495 946 2526 a
954 2481 1099 2526 mountain'

171 2540 219 2585 The
234 2542 302 2611 night
312 2555 359 2584 was
375 2539 471 2586 dirided
483 2541 516 2598 by
526 2541 568 2585 the
578 2541 669 2586 Greeks
683 2541 735 2585 into
749 2541 818 2585 three
831 2539 943 2595 wstches,
953 2539 1003 2585 and
1012 2540 1045 2596 by
1055 2540 1099 2585 the

172 2598 506 2726 qulppfqprlnqqqquffipmepoe,
527 2657 678 2714 Impmdentes
687 2657 764 2714 might
771 2656 831 2700 have
838 2654 977 2724 beonnam,
982 2654 1100 2714 referring

170 2714 787 2830 dissimilitas”illitteralis
800 2714 843 2815 ii?
853 2713 1012 2824 dltlfllt
1020 2713 1100 2817 titt}

63 2864 66 2870 .
91 2879 92 2884 ¹
171 2828 423 2886 merelyastatement
434 2830 460 2874 of
466 2830 559 2888 Nepos:
577 2823 746 2885 creasses}
760 2828 833 2873 Elem.
845 2830 922 2874 Grata
934 2828 983 2874 353.

200 2885 268 2931 ⁸The
278 2887 374 2942 adverb,
384 2886 472 2942 ‘hera’
482 2889 521 2932 ‘in
532 2889 581 2931 this
591 2886 660 2932 case.’

199 2944 211 2976 ⁴
219 2946 242 2988 A
251 2945 379 2989 somowhat
390 2946 492 3003 singular
501 2947 605 3002 position
615 2946 641 2989 oi
648 2944 696 2988 this
705 2943 860 3001 uuemphatiu
869 2957 983 3002 pronoun.

200 3002 275 3046 ⁵'l'his
285 3016 333 3046 was
343 3002 367 3046 in
378 3003 420 3047 the
431 3004 515 3047 winter
526 3003 552 3047 oi
565 3001 665 3051 tlt-316
677 3013 724 3047 uc.
753 3001 802 3046 'lhe
811 3002 915 3060 baggage
929 3003 956 3047 oi
965 3001 1008 3047 the
1019 3001 1101 3049 Mace·

170 3059 260 3106 donian
269 3063 350 3117 troops
360 3060 408 3104 had
417 3061 488 3105 fallen
499 3061 552 3105 into
565 3062 608 3106 the
617 3060 694 3104 hands
704 3059 730 3103 of
736 3058 877 3117 Antigonus,
888 3059 936 3104 and
946 3060 1005 3117 they
1014 3061 1101 3119 basely

171 3118 256 3221 agpegql
264 3122 290 3163 to
297 3118 412 3186 purclrase
419 3118 452 3162 its
459 3119 601 3220 ‘effim
606 3118 688 3219 panthu
695 3118 820 3221 surrguder
828 3119 853 3186 of
860 3118 924 3220 thlqir
930 3118 1002 3220 poble
1009 3119 1101 3222 legger.

172 3181 482 3291 ambjgiidteiothhviddhr
496 3180 527 3278 atu
541 3180 1039 3292 pssseqtivgupenaipivprtgqqgrqmoffi
1051 3192 1103 3282 ἒξ

172 3292 185 3348 ἓ
196 3292 246 3348 276,
256 3306 279 3339 n.
290 3295 319 3347 43
333 3292 405 3337 Elem.
417 3292 493 3336 Gram.
504 3291 555 3335 292.

200 3351 211 3384 ⁷
221 3349 375 3408 ‘Altbough'
385 3363 411 3395 us
421 3349 463 3393 the
473 3352 573 3394 context
582 3349 664 3395 shows.

200 3408 211 3442 ⁸
220 3410 258 3454 All
268 3409 377 3466 formerly
386 3407 492 3466 generals
501 3408 527 3451 of
534 3407 675 3453 Alexander.
704 3406 817 3452 Seleucus
826 3405 876 3450 had
885 3420 938 3450 now
947 3407 991 3452 the
1000 3421 1104 3465 guum.

161 3471 233 3511 ment
243 3467 418 3526 ofBebylonin,
429 3465 591 3525 Lysimachus,
601 3465 627 3509 oi
633 3465 729 3521 Thrace,
739 3463 788 3509 aud
798 3464 914 3522 Ptolemy,
924 3465 950 3510 ot
957 3465 1049 3525 ngpt.
