2288 3834
150 194 200 244 140
471 203 747 243 connnnrrnnrorrs

148 345 223 383 nunc
231 330 349 383 Romani
362 329 501 384 feruntur:
521 329 623 382 etenim
636 345 743 398 semper
751 326 840 381 habiti
853 331 917 380 sunt
925 325 1075 396 fortissimi,

150 408 196 477 qui
213 403 366 460 summam¹
385 407 493 476 imperii
512 406 684 477 potirentur),
698 400 849 458 llumenes²
861 405 1039 473 intelligebat,
1052 405 1075 457 si

149 485 242 554 copiae
258 501 322 538 suae
336 488 502 555 cognossent,
515 484 643 537 adversus
657 500 724 554 quos
739 484 909 552 ducerentur,
922 499 978 535 non
992 483 1076 535 modo

148 578 205 615 non
218 563 310 632 ituras,
323 563 370 616 sed
382 562 462 615 simul
476 579 538 615 cum
556 563 653 614 nuntio
672 561 831 630 dilapsuras.
868 561 965 630 Itaque
980 559 1033 613 hoo
1049 560 1074 612 ei

149 640 239 694 visum
248 645 287 692 est
297 641 547 710 prudentissimum,
556 644 588 692 ut
597 640 682 693 deviis
691 639 835 692 itineribus
847 638 948 691 milites
957 638 1075 708 duceret,

148 717 179 770 in
200 718 298 788 quibus
319 735 385 772 vera
407 719 502 771 audire
525 734 581 771 non
602 722 717 787 possent,
739 716 829 770 ethis
853 716 1027 786 persuaderet
1048 732 1076 768 se

149 801 243 849 contra
257 796 390 866 quosdam
406 797 535 849 barbaros
552 795 692 865 proficisci.
729 795 826 863 Itaque
841 795 930 847 tenuit
945 794 998 847 hoc
1014 811 1076 864 pro-

148 874 276 944 positum,
297 879 325 927 et
344 875 420 944 prius
441 875 470 927 in
491 874 579 926 aciem
600 873 751 926 exercitum
772 872 867 925 eduxit
887 872 1077 941 proeliumque

149 952 292 1021 commisit,
309 969 394 1022 quam
411 951 512 1004 milites
530 951 570 1004 sui
589 952 696 1020 scirent,
715 967 778 1004 cum
796 951 894 1020 quihus
915 967 994 1003 arma
1012 967 1076 1003 con-

148 1029 258 1085 ferrent.
302 1030 397 1083 Effecit
424 1030 509 1082 etiam
532 1028 602 1081 illud
625 1029 747 1082 locorum
771 1029 1020 1098 praeoccupatione,
1045 1033 1077 1081 ut

149 1108 271 1178 equitatu
287 1108 376 1177 potius
392 1107 542 1176 dimicaret,
561 1123 614 1177 quo
632 1106 693 1177 plus
707 1106 823 1175 valebat,
840 1123 924 1176 quam
943 1106 1075 1176 peditatu,

149 1202 202 1255 quo
215 1189 273 1238 erat
285 1180 421 1239 deterior.³

183 1269 206 1318 4.
226 1264 347 1328 Quorum
365 1260 498 1315 acerrimo
516 1278 647 1315 concursu
665 1278 727 1315 cum
745 1277 877 1329 magnam
895 1267 1003 1331 partem
1021 1262 1076 1314 diei

148 1346 217 1393 esset
233 1335 442 1410 oppugnatum,⁴
454 1335 543 1392 cadit⁵
555 1340 681 1394 Oratenrs
697 1340 756 1392 dux
772 1345 799 1392 et
812 1340 837 1392 N
839 1340 1077 1409 coptolemus,·qui

148 1418 296 1472 secundum
309 1418 401 1471 locum
416 1418 526 1487 imperii
542 1418 660 1473 tenebat.
696 1417 767 1471 (ium
782 1412 850 1470 hoe⁶
866 1419 1002 1471 concurrit
1017 1418 1078 1487 ipse

148 1495 291 1551 Eumenes.
327 1495 380 1561 Qui
402 1512 465 1549 cum
485 1495 558 1548 inter
578 1512 606 1548 se
624 1495 761 1564 complexi
778 1496 808 1548 in
826 1500 929 1548 terram
947 1512 981 1548 ex
1000 1497 1077 1566 equis

148 1573 318 1643 decidissent,
339 1578 370 1626 ut
390 1573 469 1627 facile
490 1573 606 1641 intelligi
627 1569 751 1642 possent⁷
768 1573 882 1627 inimica
899 1579 992 1626 mente
1013 1590 1077 1627 con-

146 1651 273 1720 tendisse,
286 1652 433 1722 animoque
444 1652 532 1719 magis
544 1652 628 1704 etiam
640 1667 773 1721 pugnasse
785 1668 869 1721 quam
888 1668 1006 1721 corpore,
1018 1668 1077 1705 non

148 1730 224 1800 prius
242 1730 363 1784 distracti
381 1735 452 1799 sunt,
471 1746 555 1800 quam
572 1729 691 1782 alterum
708 1730 804 1782 anima
820 1729 993 1799 relinqueret.
1030 1731 1077 1783 Ah

148 1807 200 1860 hoc
217 1808 321 1877 aliquot
338 1808 425 1878 plagis
443 1809 578 1861 Eumenes
596 1807 763 1875 vulneratur,
778 1823 867 1877 neque
885 1823 916 1860 eo
934 1808 1022 1876 magis
1040 1825 1078 1861 ex

147 1885 250 1956 proelio
269 1887 389 1953 excessit,
407 1886 454 1939 sed
472 1887 560 1939 acrius
577 1881 683 1938 hostes⁸
704 1886 810 1941 institit.
847 1880 918 1938 Hic⁹
938 1886 1077 1955 equitibus

147 1962 303 2033 profligatis,
312 1964 453 2016 interfecto
461 1963 531 2017 duce
538 1963 657 2032 Cratero,
665 1964 759 2016 multis
767 1968 907 2034 praeterea
916 1969 943 2016 et
952 1964 1078 2018 maxime

147 2041 285 2093 nobilibus
309 2041 401 2110 captis,
425 2042 549 2111 pedester
572 2042 713 2111 exercitus,
735 2042 808 2111 quod
831 2042 860 2093 in
882 2059 915 2095 ea
934 2041 994 2094 loca
1017 2047 1078 2094 erat

147 2118 286 2188 deductus,
300 2124 339 2189 ut,
353 2119 440 2173 invito
457 2119 587 2188 Eumene,
604 2119 677 2172 elabi
693 2135 749 2173 non
764 2124 860 2190 posset,
876 2136 973 2190 pacem
990 2119 1026 2172 ab
1044 2136 1077 2174 eo

173 2291 244 2395 golohe
262 2290 396 2337 accusative
413 2290 508 2337 instead
526 2292 552 2336 of
567 2290 611 2336 the
628 2291 731 2337 ablative
748 2291 809 2336 alter
824 2294 916 2350 potior:
938 2305 978 2336 see
997 2292 1076 2336 (irum

216 2355 296 2404 ,note

148 2348 162 2406 ἓ
177 2407 187 2438 ⁹
196 2409 244 2452 The
254 2411 367 2453 sentence
375 2407 458 2466 begins
466 2407 525 2453 with
532 2408 641 2452 Eumenes
650 2407 819 2464 eam—haberet,
828 2407 876 2453 and
883 2408 999 2452 therefore
1007 2408 1077 2453 there

147 2467 222 2524 ought
234 2473 259 2511 to
269 2467 299 2511 be
313 2466 415 2524 nothing
425 2466 481 2511 here
492 2467 536 2511 but
550 2467 636 2524 simply
646 2465 788 2524 intellipebat5
804 2467 848 2511 but
864 2480 890 2511 as
905 2467 947 2510 the
962 2470 1077 2511 sentence

147 2525 168 2570 is
178 2526 307 2569 somewhat
317 2526 372 2583 long
381 2523 430 2569 and
444 2523 560 2580 involved,
571 2539 597 2569 so
607 2525 661 2569 that
671 2524 714 2569 the
724 2524 807 2569 reader
817 2525 849 2569 mi
866 2525 894 2568 ht
906 2525 980 2582 forget
990 2524 1044 2568 who
1055 2524 1077 2569 is

147 2583 190 2627 the
200 2582 302 2640 subject,
313 2584 421 2628 Euarencs
431 2582 451 2626 is
461 2582 581 2640 repeated
611 2582 726 2640 Compare
736 2583 836 2641 chapter
845 2539 867 2637 23,
878 2596 900 2640 p.
913 2582 962 2639 139,
973 2597 996 2626 n.
1009 2582 1027 2628 l.

176 2640 326 2695 ³‘Weuker‚'
345 2639 470 2686 ‘inferior'
503 2640 559 2684 This
573 2641 639 2685 word
653 2641 771 2686 indicates
790 2646 833 2686 not
848 2655 874 2685 so
889 2642 962 2686 much
976 2642 1031 2685 that
1044 2641 1077 2686 he

147 2697 197 2743 had
205 2699 275 2743 fewer
284 2700 396 2756 infantry,
407 2713 433 2743 as
444 2700 498 2743 that
508 2699 578 2744 those
587 2699 618 2744 he
628 2700 677 2744 had
686 2713 747 2744 were
758 2713 839 2754 worse,
850 2699 945 2744 inferior
955 2699 1060 2744 soldiers.

176 2755 347 2814 ⁴Impersonal,
365 2756 482 2826 ‘fighting
497 2756 546 2802 had
563 2758 625 2802 been
642 2759 700 2815 kept
718 2771 751 2814 up
768 2758 860 2814 against
878 2761 933 2816 (one
948 2757 1077 2815 another.')

147 2813 196 2858 The
203 2815 259 2858 verb
269 2830 282 2858 o
296 2830 394 2873 papacre
402 2830 422 2859 rs
432 2816 566 2873 commonly
574 2815 634 2860 used
641 2815 797 2873 transitively‚
805 2816 850 2860 but
859 2816 901 2860 the
911 2816 1077 2861 construction

146 2871 203 2916 here
213 2885 268 2928 may
278 2831 308 2916 ee
318 2873 441 2918 tolerated.

176 2929 371 2976 ⁵‘Falls'—that
385 2932 413 2987 is,
424 2945 449 2976 as
465 2931 540 2986 usual,
551 2932 587 2976 ‘is
601 2930 690 2975 hilled'
719 2931 768 2975 'lhe
781 2931 860 2977 writer
875 2933 1018 2991 anticipates
1033 2933 1078 2978 the

146 2989 257 3033 ultimate
267 2989 349 3043 result,
359 2990 395 3033 t'or
404 3004 439 3034 we
450 2989 501 3034 find
511 2990 571 3033 from
583 2990 625 3034 the
640 2988 687 3032 end
697 2988 724 3033 of
735 2989 777 3034 the
791 2991 890 3048 chapter
899 2992 954 3036 that
965 2991 1077 3036 Craterus

147 3060 195 3091 was
210 3051 252 3091 not
266 3047 346 3102 killed,
361 3047 406 3092 but
422 3048 511 3104 merely
521 3046 631 3104 mortally
642 3047 766 3092 wouuded.
797 3049 826 3092 In
841 3049 883 3093 the
898 3063 963 3094 same
979 3064 1031 3107 way
1040 3064 1077 3095 we

146 3105 199 3150 find
209 3106 320 3163 interjecto
330 3119 345 3149 a
354 3104 417 3149 little
428 3106 509 3150 below.

175 3163 257 3209 ⁶That
267 3163 295 3218 is,
306 3164 363 3208 ‘the
374 3163 462 3218 latter,'
472 3163 649 3220 Neoptolemus.

175 3221 264 3266 ⁷Posse
278 3222 298 3266 is
313 3222 368 3266 here
384 3220 512 3267 construed
522 3221 663 3278 personally,
673 3221 720 3266 like
730 3222 783 3277 dici,
793 3222 871 3279 cederi,
882 3227 928 3268 cet:
945 3236 985 3268 see
997 3223 1076 3270 Gram.

147 3279 780 3383 ithlttabdlvllttttlditttt
788 3281 842 3383 8⁰¹¹
853 3281 983 3383 lille?
994 3281 1061 3328 ‘¹⁸⁶⁶'

175 3394 250 3452 ⁹Hr'c‚
260 3397 370 3455 properly
380 3396 468 3452 ‘hera’
480 3395 501 3439 is
514 3395 575 3440 used
588 3351 676 3440 ἰηθῖΙιίε
688 3353 795 3454 ρῖιρααέε,
802 3353 885 3442 'signet
897 3371 1077 3456 unheuuently,

143 3453 170 3498 in
182 3453 224 3498 the
235 3467 304 3500 sense
315 3456 341 3501 oi
348 3458 355 3480 ‘
363 3455 388 3500 in
399 3454 466 3499 these
477 3453 676 3511 circumstances,'
687 3454 838 3514 ‘hereupon'
