2288 3834
169 179 220 232 124
491 191 630 231 cortisani
643 191 765 231 saeorrs

171 317 372 387 existimabant,
385 322 412 371 et
426 333 470 372 eos
488 333 544 371 esse
561 317 637 387 solos,
651 317 698 387 qui
714 311 855 371 adversus¹
871 317 993 371 resistere
1007 317 1089 371 aude-

170 400 238 451 rent.
273 395 335 448 Hac
351 399 445 448 mente
465 395 560 448 amicis
578 395 633 448 suis
650 410 771 448 summas
788 399 933 464 potestates
950 395 1089 465 dederant,

171 473 334 542 alteriusque
350 472 476 526 factionis
487 473 622 542 principes
634 472 735 542 partim
751 473 949 542 interfecerant,
962 469 1043 525 alios²
1059 473 1089 525 in

171 550 286 603 exilium
304 550 455 620 ejecerant;
472 550 502 603 in
518 550 616 619 quibus
631 549 774 621 Pelopidas
787 549 840 619 hic,
854 550 889 602 de
904 566 957 619 quo
974 550 1090 603 scribere

172 629 260 681 exorsi
272 643 372 697 sumus,
384 627 476 698 pulsus
488 628 577 697 patria
589 627 704 683 carebat.

206 710 229 760 i.
247 705 286 758 Hi
301 721 395 759 omnes
408 706 464 759 fere
477 704 600 758 Athenas
618 721 646 758 se
663 704 839 773 contulerant,
854 721 910 758 non
928 721 981 774 quo
998 720 1088 773 seque

171 787 266 837 rentur
280 783 375 853 otium,
387 783 434 836 sed
445 787 483 852 ut,
496 799 578 852 quem
590 799 625 835 ex
637 782 763 852 proximo
774 781 865 835 locum
877 783 931 835 sors
942 782 1090 852 obtulisset,

172 877 203 914 eo
221 861 339 931 patriam
356 877 515 930 recuperare
532 860 692 914 niterentur.
728 860 824 929 Itaque
844 875 908 912 oum
926 864 1033 928 tempus
1051 865 1091 913 est

171 928 262 991 visum
281 939 321 991 rei
339 939 481 1008 gerendae,¹
498 937 680 991 eommuniter
697 953 760 990 cum
777 937 817 1006 iia,
835 938 882 1006 qui
900 937 998 990 Thebis
1015 937 1090 991 idem

172 1017 332 1085 sentiebant,
350 1016 424 1069 diem
442 1014 600 1084 delegerunt
617 1015 653 1068 ad
670 1010 795 1067 inimicos
814 1014 1006 1084 opprimendos
1026 1015 1091 1068 civi-

171 1098 311 1163 tatemque
324 1093 495 1147 liberandam
513 1108 584 1162 eum,
599 1109 653 1162 quo
670 1092 787 1145 maximi
804 1087 992 1160 magistratus³
1009 1092 1091 1145 simul

172 1176 334 1226 consuerant
345 1171 457 1241 epulari.
484 1171 600 1239 Magnae
612 1186 691 1241 saepe
702 1186 745 1222 res
756 1186 812 1223 non
824 1165 878 1222 ita⁴
889 1170 996 1237 magnis
1008 1171 1092 1239 copiis

172 1254 236 1303 sunt
258 1251 365 1317 gestae3
391 1249 438 1301 sed
458 1248 578 1318 proiecto
600 1262 744 1318 nunquam
764 1251 823 1300 tam
845 1243 897 1300 abi
916 1248 992 1300 tenni
1012 1248 1092 1300 initio

171 1331 265 1380 tantae
278 1336 347 1395 'opes
363 1330 427 1378 sunt
443 1327 608 1395 profligatae.
643 1326 716 1378 Nam
737 1323 879 1378 duodecim
900 1321 1092 1378 adolescentuli

172 1406 295 1457 coierunt
312 1419 347 1456 ex
364 1403 408 1455 his
425 1403 472 1472 qui
491 1403 574 1456 exilio
592 1408 671 1455 erant
688 1402 806 1471 multati,
825 1417 888 1455 cum
906 1402 1019 1455 omnino
1035 1416 1092 1455 non

173 1486 262 1534 essent
273 1480 391 1550 amplius
403 1475 533 1549 uentum,⁶
545 1481 592 1550 qui
603 1484 681 1533 tanto
692 1495 721 1533 se
732 1481 859 1532 offerrent
871 1479 997 1550 periculo.
1033 1477 1092 1544 Qua

173 1558 308 1629 paucitate
320 1557 443 1628 perculsa
454 1563 494 1611 est
506 1557 781 1611 Lacedaemoniorum
793 1558 922 1626 potentia.
951 1551 1005 1610 Hi⁷
1016 1558 1093 1610 enim

172 1653 229 1690 non
245 1637 333 1705 magis
350 1636 568 1690 adversariorum
584 1635 696 1688 factioni
713 1649 797 1704 quam
818 1635 958 1704 Spartanis
975 1649 1006 1688 eo
1023 1636 1093 1688 tem·

173 1728 239 1785 pore
249 1714 354 1768 bellum
369 1714 528 1783 intulerunt,
540 1713 588 1783 qui
604 1712 739 1783 principes
757 1718 835 1766 erant
852 1713 933 1766 totius
947 1712 1092 1778 Graeciae3

173 1809 290 1862 quorum
307 1793 417 1863 imperii
434 1792 568 1862 majestas,
585 1807 675 1860 neque
694 1791 733 1843 ita
753 1791 840 1845 multo
861 1785 940 1860 post,a
954 1791 1094 1843 Leuctrica

173 1865 286 1940 pugua,⁹
293 1869 329 1923 ab
338 1871 390 1924 hoc
398 1871 478 1924 initio
487 1869 609 1940 perculsa
621 1869 745 1924 coaddit.
770 1863 1092 1937 Illiigitur¹⁰duodeoim,

172 1963 291 2016 quorum
299 1948 357 2000 dux
366 1952 424 2000 erat
433 1941 606 2017 Pelopidas,ll
616 1962 679 2000 cum
688 1945 805 2000 Athenis
813 1945 933 1999 interdiu
944 1941 1093 2016 exissent,¹²

202 2101 212 2132 1
222 2101 336 2145 Adversas
345 2101 366 2146 ia
375 2100 474 2160 implied
483 2101 509 2146 in
518 2102 621 2156 resiaew,
628 2101 673 2146 but
680 2098 760 2159 Nepos
769 2100 790 2144 is
800 2100 928 2145 somewhat
938 2099 995 2145 lond
1005 2101 1031 2145 oi
1037 2100 1094 2145 thus

174 2159 480 2218 streugtheninghisverba
505 2158 618 2216 Compare
626 2157 696 2204 Acis.
705 2161 727 2214 4,
734 2159 832 2214 middle,
840 2158 894 2202 class
905 2173 927 2202 se
937 2158 965 2202 ab
974 2157 1094 2203 custodibus

174 2215 281 2273 scasas,
291 2217 368 2262 where
378 2216 492 2262 abducere
502 2217 529 2261 oi
534 2216 601 2261 itself
607 2216 710 2262 involves
721 2217 763 2262 the
772 2216 826 2261 idea
837 2216 863 2260 of
869 2230 968 2274 secrecy.

202 2273 321 2346 {Strictly
327 2273 412 2334 maim
422 2274 505 2334 agaim
518 2273 563 2320 but
576 2287 602 2319 as
614 2272 671 2319 alios
680 2275 744 2334 gives
754 2276 796 2320 the
806 2288 870 2320 same
880 2286 954 2330 sense,
965 2272 1006 2319 the
1015 2273 1095 2318 writer

174 2347 284 2437 samm
303 2392 351 2437 had
371 2391 413 2437 the
432 2391 487 2436 title
504 2390 531 2436 ol
548 2386 702 2437 Polemarobs.
732 2391 781 2436 The
798 2391 857 2435 time
875 2404 922 2435 was
939 2390 995 2435 that
1011 2390 1037 2434 oi
1052 2390 1095 2435 the

175 2448 324 2554 Aphrffiitsis,
334 2449 460 2552 or'iestgrgl
471 2449 498 2494 oi
504 2448 637 2552 {phrodite
648 2449 759 2508 (Venus),
769 2449 794 2494 in
803 2449 846 2494 the
856 2463 911 2506 year
921 2446 963 2499 379
973 2459 994 2492 a
1000 2460 1020 2494 c.

296 2522 325 2554 ve
379 2521 405 2552 as
484 2521 513 2552 eu
550 2538 556 2552 .

203 2567 257 2611 ⁵As
267 2572 294 2613 to
302 2519 501 2625 oll'positioffif
507 2522 550 2611 ,hg
559 2565 644 2622 words,
654 2578 762 2623 compare
773 2565 864 2610 Dalana
875 2565 897 2621 6,
906 2578 929 2622 p.
942 2564 991 2620 lot,
1000 2578 1024 2609 n.
1034 2563 1055 2609 4.

204 2624 391 2681 lConsiderrably
400 2625 477 2669 under
491 2639 505 2670 a
519 2624 636 2681 hundred,
646 2625 681 2669 ior
695 2625 737 2669 the
752 2623 852 2668 number
865 2624 891 2667 oi
902 2623 971 2667 those
980 2623 1033 2666 who
1044 2627 1095 2667 met

175 2682 200 2751 in
211 2682 322 2727 Charon's
332 2684 405 2727 house
414 2683 464 2741 (see
474 2682 521 2727 end
531 2683 557 2727 of
563 2682 681 2740 chapter),
691 2681 813 2739 including
822 2681 864 2726 the
874 2682 974 2738 patriota
983 2681 1042 2725 from
1053 2681 1095 2725 the

176 2741 544 2855 crpykxgsoloynltyhfffiffipwu
553 2799 631 2844 before
640 2794 785 2842 mentioued,

205 2853 215 2885 ⁸
225 2855 295 2899 ‘And
304 2856 359 2900 that
368 2860 412 2902 not
419 2869 475 2914 very
481 2856 537 2925 long
543 2855 618 2902 aiter?
631 2855 687 2899 This
694 2855 715 2899 is
723 2868 737 2899 a
744 2853 834 2899 hindei
841 2854 994 2900 abbreviated
1001 2865 1096 2911 expres·

175 2913 227 2958 sion
237 2913 272 2956 ior
281 2927 373 2970 peram
382 2916 470 2972 imperii
479 2928 516 2958 sae
587 2912 687 2968 concidit,
696 2926 762 2971 sepas
771 2913 804 2955 ita
813 2913 879 2957 malta
885 2918 936 2971 pest
946 2913 1042 2957 ceadda.

204 2969 259 3015 iss
268 2973 295 3014 io
303 2970 352 3015 this
362 2971 446 3027 battle,
456 2986 496 3016 see
506 2919 588 3029 ma.
599 2972 621 3028 5,
667 2969 715 3025 117,
725 2983 748 3015 n.
761 2969 794 3014 10.

205 3028 226 3059 1⁰
235 3029 313 3086 Ipitar,
327 3028 417 3084 ‘them'
432 3031 501 3074 takes
516 3043 549 3087 up
565 3027 608 3074 the
623 3033 635 3073 t
678 3027 710 3072 ad
725 3028 752 3072 oi
765 3029 807 3073 the
822 3029 947 3085 narrative,
960 3029 1037 3073 which
1052 3027 1096 3072 has

176 3087 238 3132 been
248 3087 376 3131 somewhat
386 3087 536 3144 interrupted
545 3087 578 3144 by
586 3086 726 3131 reflectiotnc

205 3145 225 3176 11
236 3144 375 3202 Xenophon,
386 3156 416 3189 an
430 3145 536 3189 eminent
546 3145 623 3190 Greek
637 3144 759 3202 historiae,
769 3145 849 3190 makes
860 3144 946 3189 Mellon
957 3143 998 3189 the
1009 3139 1096 3200 leader,

177 3203 222 3248 but
234 3203 301 3248 there
313 3213 357 3247 ean
369 3202 399 3247 be
412 3213 444 3246 no
458 3200 533 3247 doubt
546 3203 601 3248 that
616 3202 740 3260 Pelopidas
754 3207 780 3248 at
791 3203 852 3248 least
864 3203 921 3248 took
934 3216 949 3250 a
961 3202 1096 3259 prominent

176 3266 292 3363 passaw
302 3318 523 3372 assemano,
533 3317 628 3363 seiae·
636 3318 708 3377 being
718 3331 748 3364 sn
758 3319 869 3364 offensae
879 3317 1007 3376 repetition
1017 3317 1044 3360 os
1053 3316 1097 3362 sne

178 3377 321 3431 samarath,
336 3377 357 3420 is
371 3374 491 3433 obviously
504 3376 601 3432 absurd,
616 3376 680 3422 since
695 3377 756 3422 atter
769 3378 826 3434 they
838 3375 886 3421 had
899 3388 958 3432 gone
973 3378 1023 3430 out,
1038 3376 1098 3433 they

177 3432 220 3478 did
230 3438 313 3493 netgo
326 3438 369 3481 out
382 3434 457 3494 again.
486 3433 530 3480 We
544 3439 609 3481 must
623 3435 706 3494 regard
716 3437 805 3480 wacon
817 3448 844 3480 as
857 3447 872 3479 a
884 3434 929 3492 slip
938 3434 974 3478 ior
985 3434 1098 3478 scivera-
