2288 3834
16 3530 26 3617 ,.

80 193 131 244 144
168 206 171 212 ·
261 226 264 232 -
401 203 542 243 connubii
554 204 678 244 aaronis

79 330 192 385 consilia
204 334 373 400 caperentur,
386 329 497 384 credens
514 330 621 384 minore
639 346 667 383 se
684 329 789 383 invidia
806 330 870 398 fore,
883 328 906 382 si
918 331 1012 399 specie

79 409 189 478 imperii
206 408 379 477 nominisque
396 408 570 462 simulatione
583 407 737 460 Alexandri
752 407 856 460 bellum
867 407 1012 462 videretur

78 486 273 540 administrari.
316 486 394 550 Quod
417 487 511 541 effecit.
556 487 628 540 Nam
652 501 715 538 cum
739 502 795 538 non
819 485 855 538 ad
875 485 1010 539 Eumenis

79 565 214 634 principia
226 564 273 616 sed
285 564 320 616 ad
329 565 404 632 regia
415 564 613 631 conveniretur,
623 567 705 632 atque
717 563 802 616 ibide
814 563 893 615 rebus
905 563 1011 617 delibe-

78 646 192 711 raretur,
211 642 413 711 quodammodo
431 637 553 712 latebat,¹
572 657 636 695 cum
652 646 746 694 tamen
765 657 814 710 per
833 656 898 694 eum
918 657 1010 695 unum

78 725 237 788 gererentur
248 720 349 774 omnia.

113 791 136 852 8ss
156 798 262 859 Hicin
282 797 434 850 Paraetacis
455 813 518 850 cum
540 797 679 865 Antigono
703 790 846 864 conflixit,2
868 812 925 848 non
949 798 1010 851 acie

78 875 211 929 instructa
227 875 315 928 sedin
328 875 433 944 itinere,
446 891 563 944 eumque
579 875 652 928 male
668 869 827 944 acceptum³
841 874 871 926 in
883 873 1010 928 Mediam

78 953 233 1007 hiematum
254 954 340 1020 co'e'git
361 953 457 1008 redire.
494 953 556 1022 Ipse
573 953 604 1005 in
621 953 743 1005 finitima
763 952 872 1020 regione
888 952 1011 1006 Persidis

78 1031 233 1084 hiematum
242 1032 333 1100 copias
343 1031 442 1100 divisit,
452 1047 508 1083 non
518 1036 549 1082 ut
558 1030 651 1099 voluit,
661 1031 709 1083 sed
717 1035 748 1083 ut
759 1029 881 1082 militum
894 1031 1010 1098 cogebat

78 1110 212 1164 voluntas
256 1110 383 1177 Namque
411 1109 460 1161 illa
485 1108 609 1178 phalanx
633 1108 787 1161 Alexandri
811 1107 912 1176 Magni,
936 1124 1010 1176 quae

78 1189 176 1241 Asiam
188 1191 345 1256 peragrarat
357 1186 547 1256 deviceratque
559 1187 661 1255 Persas,
669 1186 822 1239 inveterata
836 1201 899 1237 curn
911 1185 1008 1255 gloria,

78 1271 139 1318 tum
152 1267 236 1318 etiam
248 1264 358 1317 licentia
373 1281 429 1316 non
446 1281 541 1333 parere
558 1280 586 1317 sc
601 1263 715 1317 ducibus
731 1263 778 1316 sed
794 1264 930 1331 imperare
946 1280 1010 1332 pos-

78 1339 204 1410 tulabat,4
216 1347 247 1394 ut
262 1353 336 1394 nunc
348 1343 470 1395 veterani
483 1343 587 1394 faciunt
602 1338 709 1396 nostri.⁶
744 1341 841 1410 Itaque
853 1341 1010 1409 periculum

79 1427 119 1473 est
131 1437 165 1473 ne
178 1421 287 1488 faciant,
299 1419 372 1488 quod
384 1419 425 1472 illi
437 1421 566 1488 fecerunt,
579 1435 627 1472 sua
639 1419 852 1488 intemperantia
865 1419 1010 1488 nimiaque
1039 1456 1041 1460 ψ

78 1498 189 1552 licentia
212 1502 243 1550 ut
266 1498 360 1550 omnia
384 1497 507 1566 perdant,
528 1513 617 1566 neque
640 1497 732 1549 minus
756 1513 800 1550 eos
824 1513 887 1549 cum
908 1497 1010 1565 quibus

79 1577 210 1644 steterint,
223 1591 307 1645 quam
320 1576 448 1628 adversus
460 1591 527 1644 quos
541 1575 661 1630 fecerint.
698 1575 776 1639 Quod
788 1575 810 1627 si
822 1575 883 1643 quis
894 1574 1010 1628 illorum

78 1660 271 1709 veteranorum
286 1653 358 1722 legat
376 1654 454 1723 facta,
468 1653 545 1723 paria
560 1653 661 1705 horum
679 1657 827 1721 cognoscat,
840 1668 929 1721 neque
946 1668 1009 1706 rem

78 1733 165 1785 ullam
183 1733 235 1784 nisi
253 1736 362 1802 tempus
378 1732 507 1785 interesse
522 1731 634 1800 judicet.
670 1731 723 1785 Sed
742 1731 777 1783 ad
796 1730 856 1782 illos
877 1735 1008 1787 revertar.

80 1810 205 1864 Hiberna
228 1815 401 1880 sumpserant
424 1827 479 1863 non
504 1810 539 1862 ad
562 1826 643 1861 usum
664 1809 737 1877 belli,
758 1808 805 1861 sed
825 1808 861 1861 ad
884 1808 1010 1876 ipsorum

78 1888 227 1956 luxuriam,
251 1888 384 1957 longeque
408 1888 479 1940 inter
500 1904 528 1940 se
549 1888 733 1942 discesserant.
770 1887 830 1939 Hoc
851 1887 1010 1954 Antigonus

79 1981 142 2018 cum
160 1966 342 2034 comperisset,
357 1960 589 2035 intelligeretque⁶
605 1982 633 2017 se
648 1981 743 2034 parem
759 1981 813 2017 non
832 1980 888 2016 esse
905 1965 1010 2033 paratis

79 2043 249 2112 adversariis,
262 2044 357 2096 statuit
373 2043 478 2111 aliquid
494 2043 545 2095 sibi
562 2043 667 2095 consilii
679 2043 744 2095 novi
762 2058 818 2095 esse
834 2041 1009 2110 capiendum.

80 2121 157 2175 Duae
170 2126 248 2174 eraut
260 2121 328 2189 viae,
341 2115 412 2190 qua⁷
425 2137 460 2173 ex
472 2120 567 2189 Medis,
579 2121 628 2173 ubi
639 2120 686 2173 ille
697 2120 850 2189 hiemabat,
859 2119 894 2172 ad
911 2119 1010 2173 adver·

79 2199 214 2253 sariorum
226 2198 403 2251 hibernacula
420 2203 508 2267 posset
521 2198 666 2268 perveniri.
702 2199 825 2263 Quarum
837 2197 947 2250 brevior
958 2214 1011 2267 per

79 2277 140 2330 loca
159 2277 273 2345 deserta,
293 2293 362 2345 quae
383 2293 464 2329 nemo
485 2277 622 2330 incolebat
639 2281 750 2346 propter
770 2292 857 2346 aquae
875 2276 1009 2345 inopiam,

80 2360 199 2408 ceterum
221 2355 327 2408 dierum
346 2360 404 2407 erat
427 2354 483 2407 fere
507 2355 619 2420 decem;
645 2354 693 2407 illa
714 2358 814 2422 autem,
834 2369 889 2423 qua
912 2369 1010 2406 omnes

79 2433 278 2504 commeabant,
296 2433 382 2486 altero
409 2427 502 2486 tanto⁸
525 2432 676 2502 longiorem
698 2431 819 2484 habebat
844 2432 1009 2499 anfractum,

108 2607 118 2637 1
129 2607 181 2652 ‘He
193 2607 334 2664 (Eumenes)
345 2606 384 2664 lay
394 2606 419 2650 in
431 2619 561 2651 ameasure
572 2605 698 2652 concenled
706 2605 725 2661 3'
740 2605 782 2650 the
792 2605 841 2650 fact
851 2604 878 2649 ot
889 2604 927 2648 his
937 2603 1012 2663 being

80 2665 343 2710 commender-in-chief
350 2678 398 2709 was
408 2668 451 2710 not
462 2679 488 2710 so
498 2666 602 2711 obvious.

108 2733 177 2778 ⁹The
189 2735 244 2780 date
255 2737 275 2779 is
287 2735 328 2784 317
340 2747 387 2781 iac.

108 2804 118 2836 ³
128 2804 172 2848 ‘lll
182 2805 306 2862 received'
317 2820 331 2850 a
341 2806 471 2851 somewhat
481 2805 571 2864 playful
581 2806 718 2864 expression
728 2806 763 2849 for
773 2801 914 2849 ‘defeated’

108 2876 183 2920 ⁴Tbis
202 2877 258 2921 verb
277 2877 298 2920 is
319 2877 421 2922 suitable
440 2881 467 2922 to
487 2879 602 2934 imperare,
622 2877 664 2921 the
684 2876 802 2924 infinitivo
822 2874 899 2919 which
923 2872 1012 2918 stands

79 2938 173 2981 nearest
183 2935 211 2990 it,
221 2935 266 2979 but
280 2939 322 2979 not
338 2939 364 2979 to
375 2950 457 2993 parere
467 2935 562 2980 ducitis.
592 2935 638 2978 For
651 2935 693 2979 the
707 2935 787 2990 latter,
797 2947 832 2978 we
844 2934 909 2977 must
922 2932 1012 2990 supply

80 2999 122 3039 out
133 2994 159 3038 of
162 2991 287 3051 postulabat
296 2993 339 3037 the
349 2993 443 3050 general
453 2993 507 3037 idea
516 2994 543 3036 of
549 2991 637 3036 volabat.

109 3064 184 3108 ⁵This
198 3064 270 3106 refers
284 3065 311 3106 to
325 3063 367 3107 the
382 3063 496 3107 mutinies
511 3062 537 3107 ot
549 3063 591 3106 the
602 3063 693 3108 Roman
703 3068 812 3109 veterane
826 3062 918 3120 against
928 3061 1013 3108 Julius

80 3123 172 3177 Caesar,
184 3120 335 3175 Octavianus,
346 3121 393 3165 and
404 3122 490 3166 others

109 3192 230 3237 ⁰Observe
241 3191 283 3235 the
293 3191 409 3235 variation
423 3190 449 3234 of
459 3194 542 3236 tense:
559 3191 589 3235 he
599 3191 646 3235 bad
657 3191 801 3245 discovered,
812 3189 859 3236 and
870 3189 912 3234 did
922 3189 1012 3235 under·

80 3251 152 3296 stand
162 3265 188 3295 or
197 3252 272 3295 know.
303 3248 352 3292 The
361 3249 446 3292 former
456 3262 503 3292 was
513 3252 575 3306 past,
586 3249 628 3293 the
638 3249 711 3295 latter
721 3264 735 3294 a
745 3247 875 3295 continued
885 3251 956 3293 state.

109 3323 118 3354 ⁷
129 3323 163 3366 As
173 3326 199 3366 to
209 3321 259 3366 this
270 3319 441 3374 construction,
452 3333 491 3363 see
502 3318 562 3363 Mitt.
575 3319 594 3374 3,
604 3333 627 3377 p.
638 3320 660 3376 7,
670 3334 693 3365 n.
705 3319 725 3365 2.

108 3391 236 3450 ⁸‘Longer
245 3392 277 3448 by
288 3390 387 3435 another
402 3403 428 3434 as
442 3390 515 3434 much
522 3390 612 3434 ³—tbat
628 3391 655 3446 is,
666 3392 707 3436 ‘as
720 3391 775 3449 long
788 3387 873 3448 agaiu‚’
885 3402 911 3432 or
922 3390 1013 3435 ‘twice

76 3463 105 3495 as
112 3449 186 3508 long)
216 3450 311 3494 Tacitum
320 3449 341 3494 is
352 3449 407 3494 here
417 3447 477 3493 used
487 3448 667 3507 substantively.

427 3599 438 3626 b
