<?xml version="1.0" encoding="UTF-8"?>
<!DOCTYPE html PUBLIC "-//W3C//DTD XHTML 1.0 Transitional//EN"
    "http://www.w3.org/TR/xhtml1/DTD/xhtml1-transitional.dtd">
<html xmlns="http://www.w3.org/1999/xhtml" xml:lang="en" lang="en">
 <head>
  <title>
</title>
<meta http-equiv="Content-Type" content="text/html;charset=utf-8" />
  <meta name='ocr-system' content='tesseract 3.04.00' />
  <meta name='ocr-capabilities' content='ocr_page ocr_carea ocr_par ocr_line ocrx_word'/>
</head>
<body>
  <div class='ocr_page' id='page_1' title='image "./corneliinepotis00dietgoog_0148.png"; bbox 0 0 2288 3834; ppageno 0'>
   <div class='ocr_carea' id='block_1_1' title="bbox 416 201 1012 252">
    <p class='ocr_par' dir='ltr' id='par_1_1' title="bbox 416 201 1012 252">
     <span class='ocr_line' id='line_1_1' title="bbox 416 201 1012 252; baseline 0.003 -2"><span class='ocrx_word' id='word_1_1' title='bbox 416 210 493 252; x_wconf 83' lang='lat' dir='ltr'>xvn.</span> <span class='ocrx_word' id='word_1_2' title='bbox 512 211 682 252; x_wconf 75' lang='lat' dir='ltr'>nausimus.</span> <span class='ocrx_word' id='word_1_3' title='bbox 962 201 1012 252; x_wconf 74' lang='lat'>129</span> 
     </span>
    </p>
   </div>
   <div class='ocr_carea' id='block_1_2' title="bbox 87 332 1013 640">
    <p class='ocr_par' dir='ltr' id='par_1_2' title="bbox 87 332 1013 640">
     <span class='ocr_line' id='line_1_2' title="bbox 88 332 1013 408; baseline 0.001 -18"><span class='ocrx_word' id='word_1_4' title='bbox 88 336 212 391; x_wconf 76' lang='lat' dir='ltr'>Mortuus</span> <span class='ocrx_word' id='word_1_5' title='bbox 230 332 302 390; x_wconf 84' lang='lat' dir='ltr'>erat¹</span> <span class='ocrx_word' id='word_1_6' title='bbox 322 336 388 405; x_wconf 84' lang='lat' dir='ltr'>Agis</span> <span class='ocrx_word' id='word_1_7' title='bbox 405 353 463 405; x_wconf 81' lang='lat' dir='ltr'>rex,</span> <span class='ocrx_word' id='word_1_8' title='bbox 479 338 564 390; x_wconf 82' lang='lat' dir='ltr'>frater</span> <span class='ocrx_word' id='word_1_9' title='bbox 582 337 710 406; x_wconf 78' lang='lat' dir='ltr'>Agesilai.</span> <span class='ocrx_word' id='word_1_10' title='bbox 745 336 847 390; x_wconf 79' lang='lat' dir='ltr'>Filium</span> <span class='ocrx_word' id='word_1_11' title='bbox 865 336 1013 408; x_wconf 78' lang='lat' dir='ltr'>reliquerat</span> 
     </span>
     <span class='ocr_line' id='line_1_3' title="bbox 88 411 1013 484; baseline 0.001 -16"><span class='ocrx_word' id='word_1_12' title='bbox 88 415 291 484; x_wconf 81' lang='lat' dir='ltr'>Leotychidem,</span> <span class='ocrx_word' id='word_1_13' title='bbox 318 430 400 484; x_wconf 91' lang='lat' dir='ltr'>quem</span> <span class='ocrx_word' id='word_1_14' title='bbox 429 415 476 468; x_wconf 89' lang='lat' dir='ltr'>ille</span> <span class='ocrx_word' id='word_1_15' title='bbox 505 411 622 468; x_wconf 72' lang='lat' dir='ltr'>natum²</span> <span class='ocrx_word' id='word_1_16' title='bbox 649 431 705 468; x_wconf 91' lang='lat' dir='ltr'>non</span> <span class='ocrx_word' id='word_1_17' title='bbox 731 420 864 482; x_wconf 89' lang='lat' dir='ltr'>agnorat;</span> <span class='ocrx_word' id='word_1_18' title='bbox 894 416 1013 469; x_wconf 89' lang='lat' dir='ltr'>eundem</span> 
     </span>
     <span class='ocr_line' id='line_1_4' title="bbox 87 492 1012 562; baseline 0.002 -18"><span class='ocrx_word' id='word_1_19' title='bbox 87 493 207 545; x_wconf 89' lang='lat' dir='ltr'>moriens</span> <span class='ocrx_word' id='word_1_20' title='bbox 219 508 299 545; x_wconf 92' lang='lat' dir='ltr'>suum</span> <span class='ocrx_word' id='word_1_21' title='bbox 311 508 367 544; x_wconf 92' lang='lat' dir='ltr'>esse</span> <span class='ocrx_word' id='word_1_22' title='bbox 379 492 493 548; x_wconf 86' lang='lat' dir='ltr'>dixerat.</span> <span class='ocrx_word' id='word_1_23' title='bbox 522 493 549 545; x_wconf 91' lang='lat' dir='ltr'>ls</span> <span class='ocrx_word' id='word_1_24' title='bbox 561 493 595 545; x_wconf 95' lang='lat' dir='ltr'>de</span> <span class='ocrx_word' id='word_1_25' title='bbox 603 492 707 545; x_wconf 90' lang='lat' dir='ltr'>honore</span> <span class='ocrx_word' id='word_1_26' title='bbox 719 493 795 560; x_wconf 90' lang='lat' dir='ltr'>regni</span> <span class='ocrx_word' id='word_1_27' title='bbox 805 509 867 546; x_wconf 90' lang='lat' dir='ltr'>cum</span> <span class='ocrx_word' id='word_1_28' title='bbox 877 493 1012 562; x_wconf 86' lang='lat' dir='ltr'>Agesilao,</span> 
     </span>
     <span class='ocr_line' id='line_1_5' title="bbox 87 561 1011 640; baseline 0.003 -18"><span class='ocrx_word' id='word_1_29' title='bbox 87 575 185 638; x_wconf 89' lang='lat' dir='ltr'>patruo</span> <span class='ocrx_word' id='word_1_30' title='bbox 201 586 256 639; x_wconf 91' lang='lat' dir='ltr'>suo,</span> <span class='ocrx_word' id='word_1_31' title='bbox 269 561 416 637; x_wconf 83' lang='lat' dir='ltr'>contendit,</span> <span class='ocrx_word' id='word_1_32' title='bbox 428 565 533 639; x_wconf 88' lang='lat' dir='ltr'>neque³</span> <span class='ocrx_word' id='word_1_33' title='bbox 545 570 574 623; x_wconf 92' lang='lat' dir='ltr'>id</span> <span class='ocrx_word' id='word_1_34' title='bbox 591 570 664 639; x_wconf 90' lang='lat' dir='ltr'>quod</span> <span class='ocrx_word' id='word_1_35' title='bbox 682 570 778 640; x_wconf 74' lang='lat' dir='ltr'>petiuit</span> <span class='ocrx_word' id='word_1_36' title='bbox 793 577 950 624; x_wconf 89' lang='lat' dir='ltr'>consecutus</span> <span class='ocrx_word' id='word_1_37' title='bbox 964 576 1011 626; x_wconf 88' lang='lat' dir='ltr'>est.</span> 
     </span>
    </p>
   </div>
   <div class='ocr_carea' id='block_1_3' title="bbox 81 643 1085 2349">
    <p class='ocr_par' dir='ltr' id='par_1_3' title="bbox 86 643 1012 795">
     <span class='ocr_line' id='line_1_6' title="bbox 87 643 1012 720; baseline 0.003 -21"><span class='ocrx_word' id='word_1_38' title='bbox 87 648 168 716; x_wconf 88' lang='lat' dir='ltr'>Nam,</span> <span class='ocrx_word' id='word_1_39' title='bbox 188 648 327 716; x_wconf 84' lang='lat' dir='ltr'>Lysandro</span> <span class='ocrx_word' id='word_1_40' title='bbox 347 649 519 716; x_wconf 87' lang='lat' dir='ltr'>suffragante,</span> <span class='ocrx_word' id='word_1_41' title='bbox 536 647 657 716; x_wconf 90' lang='lat' dir='ltr'>homine,</span> <span class='ocrx_word' id='word_1_42' title='bbox 675 653 706 700; x_wconf 89' lang='lat' dir='ltr'>ut</span> <span class='ocrx_word' id='word_1_43' title='bbox 722 648 890 701; x_wconf 88' lang='lat' dir='ltr'>ostendimus</span> <span class='ocrx_word' id='word_1_44' title='bbox 910 643 1012 720; x_wconf 80' lang='lat' dir='ltr'>supra,⁴</span> 
     </span>
     <span class='ocr_line' id='line_1_7' title="bbox 86 725 961 795; baseline 0.002 -18"><span class='ocrx_word' id='word_1_45' title='bbox 86 725 198 778; x_wconf 89' lang='lat' dir='ltr'>factioso</span> <span class='ocrx_word' id='word_1_46' title='bbox 210 725 291 778; x_wconf 89' lang='lat' dir='ltr'>ethis</span> <span class='ocrx_word' id='word_1_47' title='bbox 303 725 471 794; x_wconf 89' lang='lat' dir='ltr'>temporibus</span> <span class='ocrx_word' id='word_1_48' title='bbox 483 730 600 795; x_wconf 91' lang='lat' dir='ltr'>potente,</span> <span class='ocrx_word' id='word_1_49' title='bbox 614 725 755 793; x_wconf 83' lang='lat' dir='ltr'>Agesilaus</span> <span class='ocrx_word' id='word_1_50' title='bbox 767 725 903 778; x_wconf 85' lang='lat' dir='ltr'>antelatus</span> <span class='ocrx_word' id='word_1_51' title='bbox 914 731 961 782; x_wconf 90' lang='lat' dir='ltr'>est.</span> 
     </span>
    </p>

    <p class='ocr_par' dir='ltr' id='par_1_4' title="bbox 81 803 1085 2349">
     <span class='ocr_line' id='line_1_8' title="bbox 121 803 1011 873; baseline 0.002 -18"><span class='ocrx_word' id='word_1_52' title='bbox 121 808 145 858; x_wconf 80' lang='lat'>2.</span> <span class='ocrx_word' id='word_1_53' title='bbox 164 803 218 856; x_wconf 89' lang='lat' dir='ltr'>Hic</span> <span class='ocrx_word' id='word_1_54' title='bbox 235 803 399 872; x_wconf 88' lang='lat' dir='ltr'>simulatque</span> <span class='ocrx_word' id='word_1_55' title='bbox 416 803 526 873; x_wconf 91' lang='lat' dir='ltr'>imperii</span> <span class='ocrx_word' id='word_1_56' title='bbox 544 804 645 872; x_wconf 86' lang='lat' dir='ltr'>potitus</span> <span class='ocrx_word' id='word_1_57' title='bbox 663 808 710 872; x_wconf 88' lang='lat' dir='ltr'>est,</span> <span class='ocrx_word' id='word_1_58' title='bbox 728 804 861 873; x_wconf 87' lang='lat' dir='ltr'>persuasit</span> <span class='ocrx_word' id='word_1_59' title='bbox 878 804 1011 857; x_wconf 88' lang='lat' dir='ltr'>Lacedae-</span> 
     </span>
     <span class='ocr_line' id='line_1_9' title="bbox 85 877 1012 950; baseline 0 -17"><span class='ocrx_word' id='word_1_60' title='bbox 85 881 192 949; x_wconf 89' lang='lat' dir='ltr'>moniis,</span> <span class='ocrx_word' id='word_1_61' title='bbox 211 886 242 934; x_wconf 91' lang='lat' dir='ltr'>ut</span> <span class='ocrx_word' id='word_1_62' title='bbox 259 881 394 934; x_wconf 86' lang='lat' dir='ltr'>exercitus</span> <span class='ocrx_word' id='word_1_63' title='bbox 414 883 571 934; x_wconf 89' lang='lat' dir='ltr'>emitterent</span> <span class='ocrx_word' id='word_1_64' title='bbox 591 881 620 933; x_wconf 93' lang='lat' dir='ltr'>in</span> <span class='ocrx_word' id='word_1_65' title='bbox 639 881 743 950; x_wconf 88' lang='lat' dir='ltr'>Asiam,</span> <span class='ocrx_word' id='word_1_66' title='bbox 761 880 918 950; x_wconf 89' lang='lat' dir='ltr'>bellumque</span> <span class='ocrx_word' id='word_1_67' title='bbox 938 877 1012 950; x_wconf 76' lang='lat' dir='ltr'>regi⁸</span> 
     </span>
     <span class='ocr_line' id='line_1_10' title="bbox 86 954 1011 1028; baseline 0.002 -18"><span class='ocrx_word' id='word_1_68' title='bbox 86 958 212 1025; x_wconf 85' lang='lat' dir='ltr'>facerent,</span> <span class='ocrx_word' id='word_1_69' title='bbox 222 959 321 1012; x_wconf 91' lang='lat' dir='ltr'>docens</span> <span class='ocrx_word' id='word_1_70' title='bbox 333 959 416 1012; x_wconf 86' lang='lat' dir='ltr'>satius</span> <span class='ocrx_word' id='word_1_71' title='bbox 428 975 483 1011; x_wconf 90' lang='lat' dir='ltr'>esse</span> <span class='ocrx_word' id='word_1_72' title='bbox 492 959 521 1011; x_wconf 91' lang='lat' dir='ltr'>in</span> <span class='ocrx_word' id='word_1_73' title='bbox 532 959 598 1012; x_wconf 89' lang='lat' dir='ltr'>Asia</span> <span class='ocrx_word' id='word_1_74' title='bbox 610 975 695 1028; x_wconf 87' lang='lat' dir='ltr'>quam</span> <span class='ocrx_word' id='word_1_75' title='bbox 706 959 735 1011; x_wconf 91' lang='lat' dir='ltr'>in</span> <span class='ocrx_word' id='word_1_76' title='bbox 746 959 854 1028; x_wconf 87' lang='lat' dir='ltr'>lluropa</span> <span class='ocrx_word' id='word_1_77' title='bbox 865 954 1011 1015; x_wconf 78' lang='lat' dir='ltr'>dimicari.⁶</span> 
     </span>
     <span class='ocr_line' id='line_1_11' title="bbox 86 1036 1011 1106; baseline 0.002 -18"><span class='ocrx_word' id='word_1_78' title='bbox 86 1036 212 1105; x_wconf 88' lang='lat' dir='ltr'>Namque</span> <span class='ocrx_word' id='word_1_79' title='bbox 230 1038 305 1089; x_wconf 86' lang='lat' dir='ltr'>fama</span> <span class='ocrx_word' id='word_1_80' title='bbox 322 1037 433 1104; x_wconf 85' lang='lat' dir='ltr'>exierat,</span> <span class='ocrx_word' id='word_1_81' title='bbox 447 1038 622 1090; x_wconf 83' lang='lat' dir='ltr'>Artaxerxen</span> <span class='ocrx_word' id='word_1_82' title='bbox 638 1052 796 1106; x_wconf 88' lang='lat' dir='ltr'>comparare</span> <span class='ocrx_word' id='word_1_83' title='bbox 811 1036 906 1090; x_wconf 89' lang='lat' dir='ltr'>classes</span> <span class='ocrx_word' id='word_1_84' title='bbox 918 1036 1011 1106; x_wconf 89' lang='lat' dir='ltr'>pedes·</span> 
     </span>
     <span class='ocr_line' id='line_1_12' title="bbox 85 1109 1010 1184; baseline 0.002 -19"><span class='ocrx_word' id='word_1_85' title='bbox 85 1109 208 1183; x_wconf 84' lang='lat' dir='ltr'>tresque⁷</span> <span class='ocrx_word' id='word_1_86' title='bbox 218 1115 359 1183; x_wconf 88' lang='lat' dir='ltr'>exercitus,</span> <span class='ocrx_word' id='word_1_87' title='bbox 369 1130 435 1184; x_wconf 91' lang='lat' dir='ltr'>quos</span> <span class='ocrx_word' id='word_1_88' title='bbox 447 1114 476 1167; x_wconf 94' lang='lat' dir='ltr'>in</span> <span class='ocrx_word' id='word_1_89' title='bbox 487 1115 628 1168; x_wconf 85' lang='lat' dir='ltr'>Graeciam</span> <span class='ocrx_word' id='word_1_90' title='bbox 637 1115 766 1170; x_wconf 86' lang='lat' dir='ltr'>mitteret.</span> <span class='ocrx_word' id='word_1_91' title='bbox 790 1115 862 1167; x_wconf 86' lang='lat' dir='ltr'>Data</span> <span class='ocrx_word' id='word_1_92' title='bbox 871 1119 1010 1184; x_wconf 86' lang='lat' dir='ltr'>potestate,</span> 
     </span>
     <span class='ocr_line' id='line_1_13' title="bbox 84 1191 1010 1262; baseline 0.001 -19"><span class='ocrx_word' id='word_1_93' title='bbox 84 1195 162 1244; x_wconf 87' lang='lat' dir='ltr'>tauta</span> <span class='ocrx_word' id='word_1_94' title='bbox 180 1192 317 1246; x_wconf 90' lang='lat' dir='ltr'>celeritate</span> <span class='ocrx_word' id='word_1_95' title='bbox 334 1209 398 1245; x_wconf 87' lang='lat' dir='ltr'>usus</span> <span class='ocrx_word' id='word_1_96' title='bbox 416 1197 462 1261; x_wconf 89' lang='lat' dir='ltr'>est,</span> <span class='ocrx_word' id='word_1_97' title='bbox 475 1197 506 1245; x_wconf 92' lang='lat' dir='ltr'>ut</span> <span class='ocrx_word' id='word_1_98' title='bbox 520 1193 595 1262; x_wconf 90' lang='lat' dir='ltr'>prius</span> <span class='ocrx_word' id='word_1_99' title='bbox 611 1193 640 1245; x_wconf 92' lang='lat' dir='ltr'>in</span> <span class='ocrx_word' id='word_1_100' title='bbox 656 1193 752 1245; x_wconf 90' lang='lat' dir='ltr'>Asiam</span> <span class='ocrx_word' id='word_1_101' title='bbox 770 1208 834 1245; x_wconf 91' lang='lat' dir='ltr'>cum</span> <span class='ocrx_word' id='word_1_102' title='bbox 851 1191 936 1261; x_wconf 89' lang='lat' dir='ltr'>copiis</span> <span class='ocrx_word' id='word_1_103' title='bbox 950 1208 1010 1261; x_wconf 90' lang='lat' dir='ltr'>per-</span> 
     </span>
     <span class='ocr_line' id='line_1_14' title="bbox 84 1264 1011 1340; baseline 0.002 -19"><span class='ocrx_word' id='word_1_104' title='bbox 84 1271 197 1339; x_wconf 85' lang='lat' dir='ltr'>venerit,</span> <span class='ocrx_word' id='word_1_105' title='bbox 214 1286 298 1340; x_wconf 90' lang='lat' dir='ltr'>quam</span> <span class='ocrx_word' id='word_1_106' title='bbox 317 1270 384 1339; x_wconf 85' lang='lat' dir='ltr'>regii</span> <span class='ocrx_word' id='word_1_107' title='bbox 400 1274 524 1340; x_wconf 88' lang='lat' dir='ltr'>satrapae</span> <span class='ocrx_word' id='word_1_108' title='bbox 546 1286 610 1323; x_wconf 91' lang='lat' dir='ltr'>eum</span> <span class='ocrx_word' id='word_1_109' title='bbox 627 1270 726 1324; x_wconf 89' lang='lat' dir='ltr'>scirent</span> <span class='ocrx_word' id='word_1_110' title='bbox 745 1264 916 1340; x_wconf 77' lang='lat' dir='ltr'>profectum.³</span> <span class='ocrx_word' id='word_1_111' title='bbox 951 1270 1011 1334; x_wconf 85' lang='lat' dir='ltr'>Quo</span> 
     </span>
     <span class='ocr_line' id='line_1_15' title="bbox 84 1346 1010 1418; baseline 0.004 -19"><span class='ocrx_word' id='word_1_112' title='bbox 84 1346 187 1400; x_wconf 87' lang='lat' dir='ltr'>factum</span> <span class='ocrx_word' id='word_1_113' title='bbox 205 1353 252 1416; x_wconf 89' lang='lat' dir='ltr'>est,</span> <span class='ocrx_word' id='word_1_114' title='bbox 270 1353 302 1401; x_wconf 91' lang='lat' dir='ltr'>ut</span> <span class='ocrx_word' id='word_1_115' title='bbox 319 1363 414 1401; x_wconf 90' lang='lat' dir='ltr'>omnes</span> <span class='ocrx_word' id='word_1_116' title='bbox 431 1348 580 1418; x_wconf 88' lang='lat' dir='ltr'>imparatos</span> <span class='ocrx_word' id='word_1_117' title='bbox 597 1348 837 1418; x_wconf 86' lang='lat' dir='ltr'>imprudentesque</span> <span class='ocrx_word' id='word_1_118' title='bbox 854 1347 1010 1404; x_wconf 86' lang='lat' dir='ltr'>offenderet.</span> 
     </span>
     <span class='ocr_line' id='line_1_16' title="bbox 85 1421 1009 1497; baseline 0.003 -20"><span class='ocrx_word' id='word_1_119' title='bbox 85 1421 135 1477; x_wconf 83' lang='lat' dir='ltr'>1d⁹</span> <span class='ocrx_word' id='word_1_120' title='bbox 151 1431 183 1478; x_wconf 91' lang='lat' dir='ltr'>ut</span> <span class='ocrx_word' id='word_1_121' title='bbox 200 1426 326 1494; x_wconf 88' lang='lat' dir='ltr'>cognovit</span> <span class='ocrx_word' id='word_1_122' title='bbox 344 1426 542 1496; x_wconf 86' lang='lat' dir='ltr'>Tissaphernes,</span> <span class='ocrx_word' id='word_1_123' title='bbox 559 1427 605 1497; x_wconf 90' lang='lat' dir='ltr'>qui</span> <span class='ocrx_word' id='word_1_124' title='bbox 624 1442 765 1479; x_wconf 90' lang='lat' dir='ltr'>summum</span> <span class='ocrx_word' id='word_1_125' title='bbox 781 1426 930 1496; x_wconf 91' lang='lat' dir='ltr'>imperium</span> <span class='ocrx_word' id='word_1_126' title='bbox 947 1431 1009 1480; x_wconf 87' lang='lat' dir='ltr'>tum</span> 
     </span>
     <span class='ocr_line' id='line_1_17' title="bbox 84 1502 1009 1573; baseline 0.003 -20"><span class='ocrx_word' id='word_1_127' title='bbox 84 1502 156 1555; x_wconf 90' lang='lat' dir='ltr'>inter</span> <span class='ocrx_word' id='word_1_128' title='bbox 176 1505 324 1573; x_wconf 88' lang='lat' dir='ltr'>praefectos</span> <span class='ocrx_word' id='word_1_129' title='bbox 344 1504 463 1558; x_wconf 89' lang='lat' dir='ltr'>habebat</span> <span class='ocrx_word' id='word_1_130' title='bbox 483 1504 577 1573; x_wconf 89' lang='lat' dir='ltr'>regios,</span> <span class='ocrx_word' id='word_1_131' title='bbox 599 1505 719 1557; x_wconf 88' lang='lat' dir='ltr'>indutias</span> <span class='ocrx_word' id='word_1_132' title='bbox 739 1520 757 1557; x_wconf 90' lang='lat' dir='ltr'>a</span> <span class='ocrx_word' id='word_1_133' title='bbox 777 1505 883 1557; x_wconf 91' lang='lat' dir='ltr'>Lacone</span> <span class='ocrx_word' id='word_1_134' title='bbox 904 1504 1009 1573; x_wconf 86' lang='lat' dir='ltr'>petivit,</span> 
     </span>
     <span class='ocr_line' id='line_1_18' title="bbox 83 1579 1010 1652; baseline 0.003 -21"><span class='ocrx_word' id='word_1_135' title='bbox 83 1579 216 1635; x_wconf 88' lang='lat' dir='ltr'>simulans</span> <span class='ocrx_word' id='word_1_136' title='bbox 234 1598 262 1634; x_wconf 90' lang='lat' dir='ltr'>se</span> <span class='ocrx_word' id='word_1_137' title='bbox 278 1583 343 1635; x_wconf 87' lang='lat' dir='ltr'>dare</span> <span class='ocrx_word' id='word_1_138' title='bbox 361 1598 481 1652; x_wconf 88' lang='lat' dir='ltr'>operam,</span> <span class='ocrx_word' id='word_1_139' title='bbox 497 1587 529 1635; x_wconf 87' lang='lat' dir='ltr'>ut</span> <span class='ocrx_word' id='word_1_140' title='bbox 545 1582 766 1635; x_wconf 89' lang='lat' dir='ltr'>Lacedaemoniis</span> <span class='ocrx_word' id='word_1_141' title='bbox 785 1598 848 1635; x_wconf 89' lang='lat' dir='ltr'>cum</span> <span class='ocrx_word' id='word_1_142' title='bbox 866 1597 928 1650; x_wconf 88' lang='lat' dir='ltr'>rege</span> <span class='ocrx_word' id='word_1_143' title='bbox 946 1597 1010 1634; x_wconf 91' lang='lat' dir='ltr'>con·</span> 
     </span>
     <span class='ocr_line' id='line_1_19' title="bbox 83 1654 1010 1729; baseline 0.002 -20"><span class='ocrx_word' id='word_1_144' title='bbox 83 1654 222 1727; x_wconf 86' lang='lat' dir='ltr'>veniret,¹⁰</span> <span class='ocrx_word' id='word_1_145' title='bbox 244 1676 274 1712; x_wconf 89' lang='lat' dir='ltr'>re</span> <span class='ocrx_word' id='word_1_146' title='bbox 297 1665 390 1713; x_wconf 84' lang='lat' dir='ltr'>autern</span> <span class='ocrx_word' id='word_1_147' title='bbox 410 1676 476 1712; x_wconf 90' lang='lat' dir='ltr'>vera</span> <span class='ocrx_word' id='word_1_148' title='bbox 498 1660 534 1713; x_wconf 90' lang='lat' dir='ltr'>ad</span> <span class='ocrx_word' id='word_1_149' title='bbox 554 1660 645 1729; x_wconf 87' lang='lat' dir='ltr'>copias</span> <span class='ocrx_word' id='word_1_150' title='bbox 668 1659 865 1728; x_wconf 88' lang='lat' dir='ltr'>comparandas</span> <span class='ocrx_word' id='word_1_151' title='bbox 877 1679 884 1725; x_wconf 91' lang='lat'>;</span> <span class='ocrx_word' id='word_1_152' title='bbox 911 1674 1010 1728; x_wconf 85' lang='lat' dir='ltr'>easque</span> 
     </span>
     <span class='ocr_line' id='line_1_20' title="bbox 83 1734 1009 1805; baseline 0.004 -19"><span class='ocrx_word' id='word_1_153' title='bbox 83 1734 243 1804; x_wconf 84' lang='lat' dir='ltr'>impetravit</span> <span class='ocrx_word' id='word_1_154' title='bbox 260 1738 416 1792; x_wconf 89' lang='lat' dir='ltr'>trimestres.</span> <span class='ocrx_word' id='word_1_155' title='bbox 451 1737 562 1790; x_wconf 86' lang='lat' dir='ltr'>Juravit</span> <span class='ocrx_word' id='word_1_156' title='bbox 582 1741 675 1790; x_wconf 89' lang='lat' dir='ltr'>autem</span> <span class='ocrx_word' id='word_1_157' title='bbox 693 1741 807 1805; x_wconf 90' lang='lat' dir='ltr'>uterque</span> <span class='ocrx_word' id='word_1_158' title='bbox 824 1753 852 1788; x_wconf 89' lang='lat' dir='ltr'>se</span> <span class='ocrx_word' id='word_1_159' title='bbox 870 1736 928 1788; x_wconf 93' lang='lat' dir='ltr'>sine</span> <span class='ocrx_word' id='word_1_160' title='bbox 946 1735 1009 1790; x_wconf 93' lang='lat' dir='ltr'>dolo</span> 
     </span>
     <span class='ocr_line' id='line_1_21' title="bbox 82 1812 1009 1884; baseline 0.002 -20"><span class='ocrx_word' id='word_1_161' title='bbox 82 1812 204 1865; x_wconf 87' lang='lat' dir='ltr'>indutias</span> <span class='ocrx_word' id='word_1_162' title='bbox 216 1818 445 1869; x_wconf 84' lang='lat' dir='ltr'>conservaturum.</span> <span class='ocrx_word' id='word_1_163' title='bbox 474 1815 508 1867; x_wconf 94' lang='lat' dir='ltr'>ln</span> <span class='ocrx_word' id='word_1_164' title='bbox 520 1830 575 1883; x_wconf 90' lang='lat' dir='ltr'>qua</span> <span class='ocrx_word' id='word_1_165' title='bbox 583 1813 708 1884; x_wconf 89' lang='lat' dir='ltr'>pactione</span> <span class='ocrx_word' id='word_1_166' title='bbox 720 1829 829 1866; x_wconf 87' lang='lat' dir='ltr'>summa</span> <span class='ocrx_word' id='word_1_167' title='bbox 840 1813 895 1866; x_wconf 89' lang='lat' dir='ltr'>fide</span> <span class='ocrx_word' id='word_1_168' title='bbox 906 1814 1009 1866; x_wconf 87' lang='lat' dir='ltr'>mansit</span> 
     </span>
     <span class='ocr_line' id='line_1_22' title="bbox 84 1886 1009 1961; baseline 0.001 -18"><span class='ocrx_word' id='word_1_169' title='bbox 84 1890 243 1958; x_wconf 88' lang='lat' dir='ltr'>Agesilaus;</span> <span class='ocrx_word' id='word_1_170' title='bbox 261 1896 355 1944; x_wconf 87' lang='lat' dir='ltr'>contra</span> <span class='ocrx_word' id='word_1_171' title='bbox 366 1908 398 1944; x_wconf 91' lang='lat' dir='ltr'>ea</span> <span class='ocrx_word' id='word_1_172' title='bbox 408 1891 599 1961; x_wconf 83' lang='lat' dir='ltr'>Tissaphernes</span> <span class='ocrx_word' id='word_1_173' title='bbox 610 1891 681 1944; x_wconf 92' lang='lat' dir='ltr'>nihil</span> <span class='ocrx_word' id='word_1_174' title='bbox 693 1891 768 1944; x_wconf 87' lang='lat' dir='ltr'>aliud</span> <span class='ocrx_word' id='word_1_175' title='bbox 781 1907 865 1961; x_wconf 89' lang='lat' dir='ltr'>quam</span> <span class='ocrx_word' id='word_1_176' title='bbox 870 1886 891 1922; x_wconf 83' lang='lat'>¹¹</span> <span class='ocrx_word' id='word_1_177' title='bbox 904 1891 1009 1944; x_wconf 91' lang='lat' dir='ltr'>bellum</span> 
     </span>
     <span class='ocr_line' id='line_1_23' title="bbox 83 1968 1008 2042; baseline 0.003 -23"><span class='ocrx_word' id='word_1_178' title='bbox 83 1970 259 2042; x_wconf 82' lang='lat' dir='ltr'>comparavit.</span> <span class='ocrx_word' id='word_1_179' title='bbox 304 1970 338 2022; x_wconf 95' lang='lat' dir='ltr'>Id</span> <span class='ocrx_word' id='word_1_180' title='bbox 362 1970 411 2022; x_wconf 90' lang='lat' dir='ltr'>etsi</span> <span class='ocrx_word' id='word_1_181' title='bbox 434 1969 569 2022; x_wconf 89' lang='lat' dir='ltr'>sentiebat</span> <span class='ocrx_word' id='word_1_182' title='bbox 593 1969 670 2037; x_wconf 87' lang='lat' dir='ltr'>Laco,</span> <span class='ocrx_word' id='word_1_183' title='bbox 695 1973 789 2022; x_wconf 87' lang='lat' dir='ltr'>tamen</span> <span class='ocrx_word' id='word_1_184' title='bbox 813 1968 1008 2039; x_wconf 88' lang='lat' dir='ltr'>jusjurandum</span> 
     </span>
     <span class='ocr_line' id='line_1_24' title="bbox 82 2046 1008 2117; baseline 0.003 -20"><span class='ocrx_word' id='word_1_185' title='bbox 82 2047 209 2100; x_wconf 87' lang='lat' dir='ltr'>servabat</span> <span class='ocrx_word' id='word_1_186' title='bbox 226 2047 399 2117; x_wconf 89' lang='lat' dir='ltr'>multumque</span> <span class='ocrx_word' id='word_1_187' title='bbox 416 2047 445 2100; x_wconf 93' lang='lat' dir='ltr'>in</span> <span class='ocrx_word' id='word_1_188' title='bbox 464 2063 496 2100; x_wconf 89' lang='lat' dir='ltr'>eo</span> <span class='ocrx_word' id='word_1_189' title='bbox 513 2063 541 2100; x_wconf 88' lang='lat' dir='ltr'>se</span> <span class='ocrx_word' id='word_1_190' title='bbox 559 2046 686 2116; x_wconf 88' lang='lat' dir='ltr'>consequi</span> <span class='ocrx_word' id='word_1_191' title='bbox 703 2047 818 2117; x_wconf 90' lang='lat' dir='ltr'>dicebat,</span> <span class='ocrx_word' id='word_1_192' title='bbox 834 2047 907 2117; x_wconf 92' lang='lat' dir='ltr'>quod</span> <span class='ocrx_word' id='word_1_193' title='bbox 923 2047 1008 2100; x_wconf 82' lang='lat' dir='ltr'>&#39;lissa-</span> 
     </span>
     <span class='ocr_line' id='line_1_25' title="bbox 81 2123 1085 2194; baseline 0.003 -19"><span class='ocrx_word' id='word_1_194' title='bbox 81 2123 200 2193; x_wconf 89' lang='lat' dir='ltr'>phemes</span> <span class='ocrx_word' id='word_1_195' title='bbox 217 2125 337 2194; x_wconf 86' lang='lat' dir='ltr'>perjurio</span> <span class='ocrx_word' id='word_1_196' title='bbox 354 2141 402 2178; x_wconf 91' lang='lat' dir='ltr'>suo</span> <span class='ocrx_word' id='word_1_197' title='bbox 423 2130 450 2177; x_wconf 89' lang='lat' dir='ltr'>et</span> <span class='ocrx_word' id='word_1_198' title='bbox 468 2124 595 2178; x_wconf 89' lang='lat' dir='ltr'>homines</span> <span class='ocrx_word' id='word_1_199' title='bbox 612 2125 667 2178; x_wconf 90' lang='lat' dir='ltr'>suis</span> <span class='ocrx_word' id='word_1_200' title='bbox 687 2126 767 2178; x_wconf 90' lang='lat' dir='ltr'>rebus</span> <span class='ocrx_word' id='word_1_201' title='bbox 786 2124 962 2193; x_wconf 89' lang='lat' dir='ltr'>abalienaret,</span> <span class='ocrx_word' id='word_1_202' title='bbox 981 2129 1008 2178; x_wconf 89' lang='lat' dir='ltr'>et</span> <span class='ocrx_word' id='word_1_203' title='bbox 1082 2160 1085 2165; x_wconf 84' lang='lat'><em>-</em></span> 
     </span>
     <span class='ocr_line' id='line_1_26' title="bbox 81 2201 1008 2272; baseline 0 -18"><span class='ocrx_word' id='word_1_204' title='bbox 81 2201 146 2254; x_wconf 92' lang='lat' dir='ltr'>deos</span> <span class='ocrx_word' id='word_1_205' title='bbox 158 2202 209 2255; x_wconf 87' lang='lat' dir='ltr'>sibi</span> <span class='ocrx_word' id='word_1_206' title='bbox 221 2203 303 2255; x_wconf 87' lang='lat' dir='ltr'>iratos</span> <span class='ocrx_word' id='word_1_207' title='bbox 315 2203 440 2256; x_wconf 89' lang='lat' dir='ltr'>redderet</span> <span class='ocrx_word' id='word_1_208' title='bbox 450 2224 457 2269; x_wconf 88' lang='lat'>;</span> <span class='ocrx_word' id='word_1_209' title='bbox 472 2219 500 2255; x_wconf 92' lang='lat' dir='ltr'>se</span> <span class='ocrx_word' id='word_1_210' title='bbox 512 2208 611 2271; x_wconf 88' lang='lat' dir='ltr'>autem,</span> <span class='ocrx_word' id='word_1_211' title='bbox 625 2208 784 2257; x_wconf 85' lang='lat' dir='ltr'>conservata</span> <span class='ocrx_word' id='word_1_212' title='bbox 795 2203 932 2272; x_wconf 89' lang='lat' dir='ltr'>religione,</span> <span class='ocrx_word' id='word_1_213' title='bbox 945 2218 1008 2255; x_wconf 91' lang='lat' dir='ltr'>con·</span> 
     </span>
     <span class='ocr_line' id='line_1_27' title="bbox 81 2275 1008 2349; baseline 0 -17"><span class='ocrx_word' id='word_1_214' title='bbox 81 2279 193 2332; x_wconf 88' lang='lat' dir='ltr'>firmare</span> <span class='ocrx_word' id='word_1_215' title='bbox 205 2280 363 2349; x_wconf 89' lang='lat' dir='ltr'>exercitum,</span> <span class='ocrx_word' id='word_1_216' title='bbox 373 2297 436 2333; x_wconf 91' lang='lat' dir='ltr'>cum</span> <span class='ocrx_word' id='word_1_217' title='bbox 447 2280 678 2335; x_wconf 88' lang='lat' dir='ltr'>animadverteret</span> <span class='ocrx_word' id='word_1_218' title='bbox 687 2281 770 2334; x_wconf 91' lang='lat' dir='ltr'>deum</span> <span class='ocrx_word' id='word_1_219' title='bbox 775 2275 798 2312; x_wconf 75' lang='lat'>¹²</span> <span class='ocrx_word' id='word_1_220' title='bbox 806 2296 910 2333; x_wconf 90' lang='lat' dir='ltr'>numen</span> <span class='ocrx_word' id='word_1_221' title='bbox 920 2281 1008 2333; x_wconf 87' lang='lat' dir='ltr'>facere</span> 
     </span>
    </p>
   </div>
   <div class='ocr_carea' id='block_1_4' title="bbox 79 2411 1025 3514">
    <p class='ocr_par' dir='ltr' id='par_1_5' title="bbox 110 2411 385 2470">
     <span class='ocr_line' id='line_1_28' title="bbox 110 2411 385 2470; baseline 0.011 -14"><span class='ocrx_word' id='word_1_222' title='bbox 110 2411 119 2442; x_wconf 79' lang='lat'>1</span> <span class='ocrx_word' id='word_1_223' title='bbox 130 2412 158 2456; x_wconf 92' lang='lat' dir='ltr'>In</span> <span class='ocrx_word' id='word_1_224' title='bbox 168 2413 210 2457; x_wconf 89' lang='lat' dir='ltr'>the</span> <span class='ocrx_word' id='word_1_225' title='bbox 220 2427 276 2470; x_wconf 86' lang='lat' dir='ltr'>year</span> <span class='ocrx_word' id='word_1_226' title='bbox 286 2412 328 2458; x_wconf 83' lang='lat'>398</span> <span class='ocrx_word' id='word_1_227' title='bbox 339 2424 385 2459; x_wconf 77' lang='lat' dir='ltr'>rac.</span> 
     </span>
    </p>

    <p class='ocr_par' dir='ltr' id='par_1_6' title="bbox 82 2468 1008 2574">
     <span class='ocr_line' id='line_1_29' title="bbox 82 2468 1008 2574; baseline 0.002 -60"><span class='ocrx_word' id='word_1_228' title='bbox 82 2528 89 2550; x_wconf 42' lang='grc' dir='ltr'>ί</span> <span class='ocrx_word' id='word_1_229' title='bbox 109 2468 335 2574; x_wconf 46' lang='grc' dir='ltr'>ἷῑιῐνξοωῇὴανὶης</span> <span class='ocrx_word' id='word_1_230' title='bbox 344 2472 404 2516; x_wconf 92' lang='lat' dir='ltr'>been</span> <span class='ocrx_word' id='word_1_231' title='bbox 415 2471 473 2516; x_wconf 88' lang='lat' dir='ltr'>born</span> <span class='ocrx_word' id='word_1_232' title='bbox 481 2471 570 2517; x_wconf 81' lang='lat' dir='ltr'>⁹-that</span> <span class='ocrx_word' id='word_1_233' title='bbox 581 2471 715 2528; x_wconf 86' lang='lat' dir='ltr'>is‚‘wlrom‚</span> <span class='ocrx_word' id='word_1_234' title='bbox 723 2471 792 2516; x_wconf 87' lang='lat' dir='ltr'>when</span> <span class='ocrx_word' id='word_1_235' title='bbox 801 2471 832 2516; x_wconf 86' lang='lat' dir='ltr'>he</span> <span class='ocrx_word' id='word_1_236' title='bbox 841 2485 889 2517; x_wconf 87' lang='lat' dir='ltr'>was</span> <span class='ocrx_word' id='word_1_237' title='bbox 896 2470 971 2527; x_wconf 87' lang='lat' dir='ltr'>born‚&#39;</span> <span class='ocrx_word' id='word_1_238' title='bbox 981 2484 1008 2517; x_wconf 90' lang='lat' dir='ltr'>or</span> 
     </span>
     <span class='ocr_line' id='line_1_30' title="bbox 97 2529 260 2574; baseline 0.018 -2"><span class='ocrx_word' id='word_1_239' title='bbox 97 2541 111 2572; x_wconf 90' lang='lat' dir='ltr'>a</span> <span class='ocrx_word' id='word_1_240' title='bbox 149 2529 169 2572; x_wconf 91' lang='lat' dir='ltr'>is</span> <span class='ocrx_word' id='word_1_241' title='bbox 196 2529 227 2574; x_wconf 86' lang='lat' dir='ltr'>irt</span> <span class='ocrx_word' id='word_1_242' title='bbox 245 2529 260 2574; x_wconf 83' lang='lat'>.&#39;</span> 
     </span>
    </p>

    <p class='ocr_par' dir='ltr' id='par_1_7' title="bbox 110 2584 472 2645">
     <span class='ocr_line' id='line_1_31' title="bbox 110 2584 472 2645; baseline 0.011 -17"><span class='ocrx_word' id='word_1_243' title='bbox 110 2584 120 2615; x_wconf 85' lang='lat'>³</span> <span class='ocrx_word' id='word_1_244' title='bbox 130 2587 282 2642; x_wconf 81' lang='lat' dir='ltr'>‘But—not‚&#39;</span> <span class='ocrx_word' id='word_1_245' title='bbox 292 2601 318 2632; x_wconf 86' lang='lat' dir='ltr'>aa</span> <span class='ocrx_word' id='word_1_246' title='bbox 329 2587 472 2645; x_wconf 85' lang='lat' dir='ltr'>frequently.</span> 
     </span>
    </p>

    <p class='ocr_par' dir='ltr' id='par_1_8' title="bbox 110 2642 402 2704">
     <span class='ocr_line' id='line_1_32' title="bbox 110 2642 402 2704; baseline 0.017 -17"><span class='ocrx_word' id='word_1_247' title='bbox 110 2642 121 2672; x_wconf 88' lang='lat'><strong>⁴</strong></span> <span class='ocrx_word' id='word_1_248' title='bbox 130 2643 158 2688; x_wconf 89' lang='lat' dir='ltr'>In</span> <span class='ocrx_word' id='word_1_249' title='bbox 169 2645 206 2688; x_wconf 87' lang='lat' dir='ltr'>his</span> <span class='ocrx_word' id='word_1_250' title='bbox 216 2646 263 2700; x_wconf 84' lang='lat' dir='ltr'>life,</span> <span class='ocrx_word' id='word_1_251' title='bbox 273 2647 372 2704; x_wconf 89' lang='lat' dir='ltr'>chapter</span> <span class='ocrx_word' id='word_1_252' title='bbox 384 2645 402 2692; x_wconf 91' lang='lat' dir='ltr'>l.</span> 
     </span>
    </p>

    <p class='ocr_par' dir='ltr' id='par_1_9' title="bbox 81 2698 1007 2878">
     <span class='ocr_line' id='line_1_33' title="bbox 110 2698 1007 2762; baseline 0.008 -19"><span class='ocrx_word' id='word_1_253' title='bbox 110 2698 120 2730; x_wconf 79' lang='lat'>⁵</span> <span class='ocrx_word' id='word_1_254' title='bbox 129 2700 173 2744; x_wconf 89' lang='lat' dir='ltr'>We</span> <span class='ocrx_word' id='word_1_255' title='bbox 183 2702 241 2747; x_wconf 87' lang='lat' dir='ltr'>have</span> <span class='ocrx_word' id='word_1_256' title='bbox 252 2704 340 2748; x_wconf 87' lang='lat' dir='ltr'>several</span> <span class='ocrx_word' id='word_1_257' title='bbox 350 2704 422 2749; x_wconf 90' lang='lat' dir='ltr'>times</span> <span class='ocrx_word' id='word_1_258' title='bbox 438 2702 569 2762; x_wconf 87' lang='lat' dir='ltr'>previously</span> <span class='ocrx_word' id='word_1_259' title='bbox 579 2703 627 2748; x_wconf 88' lang='lat' dir='ltr'>had</span> <span class='ocrx_word' id='word_1_260' title='bbox 637 2705 745 2748; x_wconf 87' lang='lat' dir='ltr'>occasion</span> <span class='ocrx_word' id='word_1_261' title='bbox 754 2707 781 2748; x_wconf 93' lang='lat' dir='ltr'>to</span> <span class='ocrx_word' id='word_1_262' title='bbox 791 2703 887 2748; x_wconf 84' lang='lat' dir='ltr'>observa</span> <span class='ocrx_word' id='word_1_263' title='bbox 897 2703 951 2749; x_wconf 89' lang='lat' dir='ltr'>that</span> <span class='ocrx_word' id='word_1_264' title='bbox 963 2704 1007 2751; x_wconf 86' lang='lat' dir='ltr'>the</span> 
     </span>
     <span class='ocr_line' id='line_1_34' title="bbox 81 2757 1007 2820; baseline 0.009 -20"><span class='ocrx_word' id='word_1_265' title='bbox 81 2757 138 2815; x_wconf 88' lang='lat' dir='ltr'>king</span> <span class='ocrx_word' id='word_1_266' title='bbox 152 2759 178 2803; x_wconf 87' lang='lat' dir='ltr'>of</span> <span class='ocrx_word' id='word_1_267' title='bbox 195 2759 274 2806; x_wconf 85' lang='lat' dir='ltr'>Peraia</span> <span class='ocrx_word' id='word_1_268' title='bbox 293 2763 313 2806; x_wconf 87' lang='lat' dir='ltr'>is</span> <span class='ocrx_word' id='word_1_269' title='bbox 328 2776 383 2819; x_wconf 89' lang='lat' dir='ltr'>very</span> <span class='ocrx_word' id='word_1_270' title='bbox 401 2763 466 2807; x_wconf 83' lang='lat' dir='ltr'>often</span> <span class='ocrx_word' id='word_1_271' title='bbox 486 2761 562 2806; x_wconf 89' lang='lat' dir='ltr'>called</span> <span class='ocrx_word' id='word_1_272' title='bbox 581 2762 668 2820; x_wconf 87' lang='lat' dir='ltr'>simply</span> <span class='ocrx_word' id='word_1_273' title='bbox 684 2776 729 2818; x_wconf 79' lang='lat' dir='ltr'>rea,</span> <span class='ocrx_word' id='word_1_274' title='bbox 748 2761 795 2806; x_wconf 80' lang='lat' dir='ltr'>‘tte</span> <span class='ocrx_word' id='word_1_275' title='bbox 814 2760 887 2819; x_wconf 85' lang='lat' dir='ltr'>king&#39;</span> <span class='ocrx_word' id='word_1_276' title='bbox 904 2762 936 2820; x_wconf 87' lang='lat' dir='ltr'>by</span> <span class='ocrx_word' id='word_1_277' title='bbox 954 2776 1007 2820; x_wconf 90' lang='lat' dir='ltr'>pre·</span> 
     </span>
     <span class='ocr_line' id='line_1_35' title="bbox 82 2817 411 2878; baseline 0.021 -20"><span class='ocrx_word' id='word_1_278' title='bbox 82 2817 210 2872; x_wconf 68' lang='lat' dir='ltr'>amineum,</span> <span class='ocrx_word' id='word_1_279' title='bbox 222 2819 263 2862; x_wconf 90' lang='lat' dir='ltr'>the</span> <span class='ocrx_word' id='word_1_280' title='bbox 273 2825 339 2878; x_wconf 88' lang='lat' dir='ltr'>great</span> <span class='ocrx_word' id='word_1_281' title='bbox 349 2821 411 2878; x_wconf 89' lang='lat' dir='ltr'>king.</span> 
     </span>
    </p>

    <p class='ocr_par' dir='ltr' id='par_1_10' title="bbox 81 2873 1006 2981">
     <span class='ocr_line' id='line_1_36' title="bbox 110 2873 1006 2938; baseline 0.008 -21"><span class='ocrx_word' id='word_1_282' title='bbox 110 2873 285 2930; x_wconf 79' lang='lat' dir='ltr'>⁶Impersonal:</span> <span class='ocrx_word' id='word_1_283' title='bbox 302 2879 371 2924; x_wconf 85' lang='lat' dir='ltr'>‘that</span> <span class='ocrx_word' id='word_1_284' title='bbox 384 2879 403 2923; x_wconf 90' lang='lat' dir='ltr'>it</span> <span class='ocrx_word' id='word_1_285' title='bbox 415 2892 462 2922; x_wconf 80' lang='lat' dir='ltr'>was</span> <span class='ocrx_word' id='word_1_286' title='bbox 472 2878 552 2922; x_wconf 87' lang='lat' dir='ltr'>better</span> <span class='ocrx_word' id='word_1_287' title='bbox 566 2877 601 2921; x_wconf 85' lang='lat' dir='ltr'>for</span> <span class='ocrx_word' id='word_1_288' title='bbox 615 2876 716 2935; x_wconf 85' lang='lat' dir='ltr'>fighting</span> <span class='ocrx_word' id='word_1_289' title='bbox 726 2877 791 2936; x_wconf 89' lang='lat' dir='ltr'>(that</span> <span class='ocrx_word' id='word_1_290' title='bbox 807 2877 835 2935; x_wconf 87' lang='lat' dir='ltr'>ia,</span> <span class='ocrx_word' id='word_1_291' title='bbox 845 2879 880 2925; x_wconf 82' lang='lat' dir='ltr'>ior</span> <span class='ocrx_word' id='word_1_292' title='bbox 894 2878 937 2924; x_wconf 86' lang='lat' dir='ltr'>the</span> <span class='ocrx_word' id='word_1_293' title='bbox 946 2879 1006 2938; x_wconf 88' lang='lat' dir='ltr'>war)</span> 
     </span>
     <span class='ocr_line' id='line_1_37' title="bbox 81 2932 615 2981; baseline 0.007 -5"><span class='ocrx_word' id='word_1_294' title='bbox 81 2934 108 2976; x_wconf 86' lang='lat' dir='ltr'>to</span> <span class='ocrx_word' id='word_1_295' title='bbox 117 2932 147 2976; x_wconf 89' lang='lat' dir='ltr'>be</span> <span class='ocrx_word' id='word_1_296' title='bbox 158 2933 247 2978; x_wconf 89' lang='lat' dir='ltr'>carried</span> <span class='ocrx_word' id='word_1_297' title='bbox 257 2948 287 2979; x_wconf 92' lang='lat' dir='ltr'>on</span> <span class='ocrx_word' id='word_1_298' title='bbox 298 2935 322 2979; x_wconf 92' lang='lat' dir='ltr'>in</span> <span class='ocrx_word' id='word_1_299' title='bbox 332 2936 390 2981; x_wconf 77' lang='lat' dir='ltr'>Asia</span> <span class='ocrx_word' id='word_1_300' title='bbox 400 2938 459 2981; x_wconf 90' lang='lat' dir='ltr'>than</span> <span class='ocrx_word' id='word_1_301' title='bbox 470 2936 494 2980; x_wconf 92' lang='lat' dir='ltr'>in</span> <span class='ocrx_word' id='word_1_302' title='bbox 507 2936 569 2980; x_wconf 88' lang='lat' dir='ltr'>Euro</span> <span class='ocrx_word' id='word_1_303' title='bbox 601 2934 615 2978; x_wconf 89' lang='lat'>.&#39;</span> 
     </span>
    </p>

    <p class='ocr_par' dir='ltr' id='par_1_11' title="bbox 110 2990 785 3051">
     <span class='ocr_line' id='line_1_38' title="bbox 110 2990 785 3051; baseline 0.007 -18"><span class='ocrx_word' id='word_1_304' title='bbox 110 2990 120 3022; x_wconf 89' lang='lat'>⁷</span> <span class='ocrx_word' id='word_1_305' title='bbox 130 2991 159 3034; x_wconf 92' lang='lat' dir='ltr'>ln</span> <span class='ocrx_word' id='word_1_306' title='bbox 170 2991 211 3034; x_wconf 88' lang='lat' dir='ltr'>the</span> <span class='ocrx_word' id='word_1_307' title='bbox 221 3005 289 3036; x_wconf 83' lang='lat' dir='ltr'>sense</span> <span class='ocrx_word' id='word_1_308' title='bbox 300 2994 326 3037; x_wconf 86' lang='lat' dir='ltr'>oi</span> <span class='ocrx_word' id='word_1_309' title='bbox 332 2999 456 3039; x_wconf 78' lang='lat' dir='ltr'>terrestres:</span> <span class='ocrx_word' id='word_1_310' title='bbox 472 3008 511 3038; x_wconf 89' lang='lat' dir='ltr'>see</span> <span class='ocrx_word' id='word_1_311' title='bbox 522 2994 573 3038; x_wconf 76' lang='lat' dir='ltr'>Alei</span> <span class='ocrx_word' id='word_1_312' title='bbox 587 3028 592 3038; x_wconf 95' lang='lat'><em>.</em></span> <span class='ocrx_word' id='word_1_313' title='bbox 603 2993 624 3049; x_wconf 87' lang='lat'>8,</span> <span class='ocrx_word' id='word_1_314' title='bbox 635 3007 657 3051; x_wconf 84' lang='lat' dir='ltr'>p.</span> <span class='ocrx_word' id='word_1_315' title='bbox 670 2993 705 3048; x_wconf 83' lang='lat'>62,</span> <span class='ocrx_word' id='word_1_316' title='bbox 715 3007 739 3038; x_wconf 93' lang='lat' dir='ltr'>n.</span> <span class='ocrx_word' id='word_1_317' title='bbox 751 2992 785 3038; x_wconf 80' lang='lat'>12.</span> 
     </span>
    </p>

    <p class='ocr_par' dir='ltr' id='par_1_12' title="bbox 109 3048 694 3106">
     <span class='ocr_line' id='line_1_39' title="bbox 109 3048 694 3106; baseline 0.012 -15"><span class='ocrx_word' id='word_1_318' title='bbox 109 3048 119 3079; x_wconf 81' lang='lat'>⁸</span> <span class='ocrx_word' id='word_1_319' title='bbox 129 3049 252 3106; x_wconf 83' lang='lat' dir='ltr'>Agesilaus</span> <span class='ocrx_word' id='word_1_320' title='bbox 263 3051 356 3095; x_wconf 84' lang='lat' dir='ltr'>croased</span> <span class='ocrx_word' id='word_1_321' title='bbox 367 3066 421 3096; x_wconf 89' lang='lat' dir='ltr'>over</span> <span class='ocrx_word' id='word_1_322' title='bbox 431 3053 482 3096; x_wconf 89' lang='lat' dir='ltr'>into</span> <span class='ocrx_word' id='word_1_323' title='bbox 492 3053 550 3096; x_wconf 86' lang='lat' dir='ltr'>Asia</span> <span class='ocrx_word' id='word_1_324' title='bbox 559 3052 584 3096; x_wconf 92' lang='lat' dir='ltr'>iu</span> <span class='ocrx_word' id='word_1_325' title='bbox 595 3051 637 3097; x_wconf 83' lang='lat'>396</span> <span class='ocrx_word' id='word_1_326' title='bbox 648 3064 694 3098; x_wconf 76' lang='lat' dir='ltr'>rac.</span> 
     </span>
    </p>

    <p class='ocr_par' dir='ltr' id='par_1_13' title="bbox 108 3106 475 3162">
     <span class='ocr_line' id='line_1_40' title="bbox 108 3106 475 3162; baseline 0.016 -13"><span class='ocrx_word' id='word_1_327' title='bbox 108 3106 188 3151; x_wconf 68' lang='lat' dir='ltr'>”That</span> <span class='ocrx_word' id='word_1_328' title='bbox 200 3107 227 3162; x_wconf 91' lang='lat' dir='ltr'>is,</span> <span class='ocrx_word' id='word_1_329' title='bbox 238 3107 275 3151; x_wconf 87' lang='lat' dir='ltr'>his</span> <span class='ocrx_word' id='word_1_330' title='bbox 285 3108 367 3153; x_wconf 85' lang='lat' dir='ltr'>arrival</span> <span class='ocrx_word' id='word_1_331' title='bbox 377 3110 401 3154; x_wconf 92' lang='lat' dir='ltr'>in</span> <span class='ocrx_word' id='word_1_332' title='bbox 412 3111 475 3155; x_wconf 78' lang='lat' dir='ltr'>Asia</span> 
     </span>
    </p>

    <p class='ocr_par' dir='ltr' id='par_1_14' title="bbox 79 3164 1009 3328">
     <span class='ocr_line' id='line_1_41' title="bbox 109 3164 1005 3226; baseline 0.003 -17"><span class='ocrx_word' id='word_1_333' title='bbox 109 3164 129 3195; x_wconf 79' lang='lat'>1⁰</span> <span class='ocrx_word' id='word_1_334' title='bbox 139 3165 200 3209; x_wconf 74' lang='lat' dir='ltr'>Mill</span> <span class='ocrx_word' id='word_1_335' title='bbox 214 3180 262 3210; x_wconf 78' lang='lat' dir='ltr'>cam</span> <span class='ocrx_word' id='word_1_336' title='bbox 276 3164 349 3224; x_wconf 80' lang='lat' dir='ltr'>aliquo</span> <span class='ocrx_word' id='word_1_337' title='bbox 364 3170 467 3223; x_wconf 79' lang='lat' dir='ltr'>coaceait,</span> <span class='ocrx_word' id='word_1_338' title='bbox 478 3168 505 3212; x_wconf 79' lang='lat' dir='ltr'>‘I</span> <span class='ocrx_word' id='word_1_339' title='bbox 520 3182 586 3213; x_wconf 90' lang='lat' dir='ltr'>come</span> <span class='ocrx_word' id='word_1_340' title='bbox 601 3172 626 3213; x_wconf 90' lang='lat' dir='ltr'>to</span> <span class='ocrx_word' id='word_1_341' title='bbox 641 3182 671 3213; x_wconf 85' lang='lat' dir='ltr'>an</span> <span class='ocrx_word' id='word_1_342' title='bbox 686 3167 875 3226; x_wconf 87' lang='lat' dir='ltr'>understanding</span> <span class='ocrx_word' id='word_1_343' title='bbox 887 3180 913 3211; x_wconf 89' lang='lat' dir='ltr'>or</span> <span class='ocrx_word' id='word_1_344' title='bbox 928 3181 1005 3226; x_wconf 85' lang='lat' dir='ltr'>agree·</span> 
     </span>
     <span class='ocr_line' id='line_1_42' title="bbox 79 3223 1009 3284; baseline 0.003 -17"><span class='ocrx_word' id='word_1_345' title='bbox 79 3227 145 3267; x_wconf 87' lang='lat' dir='ltr'>ment</span> <span class='ocrx_word' id='word_1_346' title='bbox 156 3223 214 3267; x_wconf 89' lang='lat' dir='ltr'>with</span> <span class='ocrx_word' id='word_1_347' title='bbox 228 3238 243 3268; x_wconf 91' lang='lat' dir='ltr'>a</span> <span class='ocrx_word' id='word_1_348' title='bbox 256 3223 356 3281; x_wconf 84' lang='lat' dir='ltr'>person&#39;</span> <span class='ocrx_word' id='word_1_349' title='bbox 385 3224 433 3270; x_wconf 70' lang='lat' dir='ltr'>&#39;ibe</span> <span class='ocrx_word' id='word_1_350' title='bbox 444 3230 532 3271; x_wconf 87' lang='lat' dir='ltr'>matter</span> <span class='ocrx_word' id='word_1_351' title='bbox 542 3227 567 3271; x_wconf 92' lang='lat' dir='ltr'>in</span> <span class='ocrx_word' id='word_1_352' title='bbox 578 3227 674 3284; x_wconf 82' lang='lat' dir='ltr'>disputa</span> <span class='ocrx_word' id='word_1_353' title='bbox 683 3241 731 3272; x_wconf 85' lang='lat' dir='ltr'>was</span> <span class='ocrx_word' id='word_1_354' title='bbox 741 3228 783 3272; x_wconf 92' lang='lat' dir='ltr'>the</span> <span class='ocrx_word' id='word_1_355' title='bbox 794 3225 972 3284; x_wconf 88' lang='lat' dir='ltr'>independeuce</span> <span class='ocrx_word' id='word_1_356' title='bbox 982 3225 1009 3270; x_wconf 83' lang='lat' dir='ltr'>of</span> 
     </span>
     <span class='ocr_line' id='line_1_43' title="bbox 80 3281 490 3328; baseline 0.002 -2"><span class='ocrx_word' id='word_1_357' title='bbox 80 3282 122 3326; x_wconf 86' lang='lat' dir='ltr'>the</span> <span class='ocrx_word' id='word_1_358' title='bbox 133 3281 209 3325; x_wconf 86' lang='lat' dir='ltr'>Greek</span> <span class='ocrx_word' id='word_1_359' title='bbox 220 3286 296 3326; x_wconf 87' lang='lat' dir='ltr'>states</span> <span class='ocrx_word' id='word_1_360' title='bbox 306 3281 330 3326; x_wconf 89' lang='lat' dir='ltr'>in</span> <span class='ocrx_word' id='word_1_361' title='bbox 341 3282 398 3327; x_wconf 86' lang='lat' dir='ltr'>Asia</span> <span class='ocrx_word' id='word_1_362' title='bbox 408 3283 490 3328; x_wconf 91' lang='lat' dir='ltr'>Minor.</span> 
     </span>
    </p>

    <p class='ocr_par' dir='ltr' id='par_1_15' title="bbox 80 3339 1006 3458">
     <span class='ocr_line' id='line_1_44' title="bbox 108 3339 1006 3399; baseline 0.004 -17"><span class='ocrx_word' id='word_1_363' title='bbox 108 3339 127 3368; x_wconf 86' lang='lat'>11</span> <span class='ocrx_word' id='word_1_364' title='bbox 137 3339 203 3383; x_wconf 79' lang='lat' dir='ltr'>Nihil</span> <span class='ocrx_word' id='word_1_365' title='bbox 212 3340 275 3384; x_wconf 76' lang='lat' dir='ltr'>aliud</span> <span class='ocrx_word' id='word_1_366' title='bbox 284 3354 357 3398; x_wconf 76' lang='lat' dir='ltr'>qrmm,</span> <span class='ocrx_word' id='word_1_367' title='bbox 367 3345 413 3396; x_wconf 80' lang='lat' dir='ltr'>eta,</span> <span class='ocrx_word' id='word_1_368' title='bbox 423 3341 443 3386; x_wconf 85' lang='lat' dir='ltr'>ia</span> <span class='ocrx_word' id='word_1_369' title='bbox 453 3355 467 3385; x_wconf 89' lang='lat' dir='ltr'>a</span> <span class='ocrx_word' id='word_1_370' title='bbox 477 3341 615 3388; x_wconf 88' lang='lat' dir='ltr'>contracted</span> <span class='ocrx_word' id='word_1_371' title='bbox 624 3343 694 3388; x_wconf 88' lang='lat' dir='ltr'>mode</span> <span class='ocrx_word' id='word_1_372' title='bbox 705 3343 731 3386; x_wconf 79' lang='lat' dir='ltr'>of</span> <span class='ocrx_word' id='word_1_373' title='bbox 743 3341 887 3399; x_wconf 86' lang='lat' dir='ltr'>expression,</span> <span class='ocrx_word' id='word_1_374' title='bbox 898 3354 1006 3386; x_wconf 88' lang='lat' dir='ltr'>common</span> 
     </span>
     <span class='ocr_line' id='line_1_45' title="bbox 80 3396 886 3458; baseline 0.005 -18"><span class='ocrx_word' id='word_1_375' title='bbox 80 3396 105 3440; x_wconf 90' lang='lat' dir='ltr'>iu</span> <span class='ocrx_word' id='word_1_376' title='bbox 117 3396 194 3453; x_wconf 86' lang='lat' dir='ltr'>Latin,</span> <span class='ocrx_word' id='word_1_377' title='bbox 204 3398 240 3442; x_wconf 89' lang='lat' dir='ltr'>for</span> <span class='ocrx_word' id='word_1_378' title='bbox 249 3396 305 3441; x_wconf 77' lang='lat' dir='ltr'>nibil</span> <span class='ocrx_word' id='word_1_379' title='bbox 314 3396 377 3442; x_wconf 82' lang='lat' dir='ltr'>aliud</span> <span class='ocrx_word' id='word_1_380' title='bbox 386 3400 429 3456; x_wconf 71' lang='lat' dir='ltr'>epit</span> <span class='ocrx_word' id='word_1_381' title='bbox 439 3413 510 3458; x_wconf 83' lang='lat' dir='ltr'>quam.</span> <span class='ocrx_word' id='word_1_382' title='bbox 540 3400 583 3444; x_wconf 82' lang='lat' dir='ltr'>See</span> <span class='ocrx_word' id='word_1_383' title='bbox 594 3400 694 3444; x_wconf 80' lang='lat' dir='ltr'>Hannib.</span> <span class='ocrx_word' id='word_1_384' title='bbox 707 3400 741 3456; x_wconf 85' lang='lat'>10,</span> <span class='ocrx_word' id='word_1_385' title='bbox 752 3398 886 3457; x_wconf 87' lang='lat' dir='ltr'>beginning.</span> 
     </span>
    </p>

    <p class='ocr_par' dir='ltr' id='par_1_16' title="bbox 109 3452 1025 3514">
     <span class='ocr_line' id='line_1_46' title="bbox 109 3452 1025 3514; baseline 0 -16"><span class='ocrx_word' id='word_1_386' title='bbox 109 3452 129 3484; x_wconf 75' lang='lat'>1⁹</span> <span class='ocrx_word' id='word_1_387' title='bbox 138 3455 185 3500; x_wconf 85' lang='lat' dir='ltr'>For</span> <span class='ocrx_word' id='word_1_388' title='bbox 201 3456 306 3500; x_wconf 79' lang='lat' dir='ltr'>deorum:</span> <span class='ocrx_word' id='word_1_389' title='bbox 322 3469 361 3501; x_wconf 89' lang='lat' dir='ltr'>see</span> <span class='ocrx_word' id='word_1_390' title='bbox 378 3457 456 3502; x_wconf 80' lang='lat' dir='ltr'>Gram.</span> <span class='ocrx_word' id='word_1_391' title='bbox 471 3456 484 3512; x_wconf 68' lang='lat' dir='ltr'><strong>fi</strong></span> <span class='ocrx_word' id='word_1_392' title='bbox 499 3456 535 3514; x_wconf 76' lang='lat'>58,</span> <span class='ocrx_word' id='word_1_393' title='bbox 549 3471 571 3502; x_wconf 88' lang='lat' dir='ltr'>n.</span> <span class='ocrx_word' id='word_1_394' title='bbox 585 3456 607 3502; x_wconf 82' lang='grc'>5.</span> <span class='ocrx_word' id='word_1_395' title='bbox 637 3459 712 3503; x_wconf 77' lang='lat' dir='ltr'>Deam</span> <span class='ocrx_word' id='word_1_396' title='bbox 728 3471 822 3511; x_wconf 69' lang='lat' dir='ltr'>maren,</span> <span class='ocrx_word' id='word_1_397' title='bbox 832 3455 1025 3512; x_wconf 47' lang='lat' dir='ltr'>proqeuwssffi</span> 
     </span>
    </p>
   </div>
   <div class='ocr_carea' id='block_1_5' title="bbox 0 0 1148 3834">
    <p class='ocr_par' dir='ltr' id='par_1_17' title="bbox 0 0 1148 3834">
     <span class='ocr_line' id='line_1_47' title="bbox 0 0 1148 3834; baseline 0 2"><span class='ocrx_word' id='word_1_398' title='bbox 0 0 1148 3834; x_wconf 95' lang='lat' dir='ltr'> </span> 
     </span>
    </p>
   </div>
  </div>
 </body>
</html>
