2288 3834
393 223 489 264 xvrrr.
506 203 653 266 numanus.
934 211 984 266 147

65 350 196 420 valentes,
209 366 272 404 cum
283 349 381 420 quibus
398 349 424 404 ei
441 350 475 404 de
491 349 606 404 summis
620 350 700 403 rebus
716 353 774 404 erat
789 348 984 407 dimicandum

66 429 121 483 Sed
133 444 188 481 non
200 428 272 497 passi
283 432 346 480 sunt
357 428 377 480 ii
389 429 436 498 qui
448 428 519 481 circa
533 431 618 498 erant,
629 427 703 497 quod
714 427 850 497 videbant,
863 427 985 482 Eumene

65 510 182 575 recepto,
192 521 286 558 omnes
294 521 360 575 prae
371 505 417 558 ille
427 505 504 574 parvi
515 505 626 559 futuros.
656 505 719 574 Ipse
730 509 822 558 autern
832 506 985 574 Antigonus

65 583 134 636 adeo
154 588 213 636 erat
231 578 421 653 incensus,1ut
438 582 492 636 nisi
506 597 608 650 magne
625 597 672 652 spe
690 582 877 636 maximarum
891 598 985 637 rerum

65 659 147 713 leniri
157 676 213 713 non
226 665 321 730 posset.
986 721 988 726 ,

101 743 140 793 ll.
159 738 256 808 Itaque
272 754 336 792 cum
353 753 417 791 eum
433 738 464 791 in
481 737 632 790 custodiam
649 736 771 805 dedisset,
789 739 817 790 et
834 737 984 806 praefectus

66 815 207 868 custodum
236 815 387 885 quaesisset,
417 815 649 884 quemadmodum
681 813 783 868 servari
811 814 900 885 vellet,
929 814 985 869 ‘Ut

65 893 245 962 acerrimum‚’
259 893 357 962 inquit,
373 891 500 946 ‘leonem
515 896 563 946 aut
577 892 774 960 ferocissimum
788 891 982 961 elephantum

65 970 195 1024 Nondum
207 971 283 1023 enim
294 974 432 1040 statuerat,
445 965 629 1024 conservaret⁹
641 986 712 1037 enm,
724 985 817 1024 necne.
849 969 985 1023 Veniebat

65 1051 158 1101 autem
185 1048 221 1101 ad
243 1049 396 1101 Eumenem
422 1052 568 1118 utrumque
595 1063 679 1116 genus
705 1047 858 1116 hominum,
882 1051 909 1100 et
936 1046 984 1116 qui

64 1130 175 1195 propter
186 1125 281 1179 odium
292 1126 412 1179 fructum
423 1124 506 1178 oculis
518 1140 553 1178 ex
565 1125 622 1195 ejus
633 1141 697 1178 caan
711 1119 824 1194 capere³
835 1123 944 1194 vellent,
956 1128 984 1177 et

64 1203 112 1273 qui
129 1207 239 1273 propter
256 1208 377 1257 veterem
392 1203 544 1256 amicitiem
564 1202 679 1272 colloqui
697 1201 884 1272 consolarique
904 1217 984 1271 oupe-

65 1285 144 1347 rent;
168 1280 250 1333 multi
268 1281 359 1350 etiam,
377 1280 424 1350 qui
441 1280 498 1349 ejus
514 1281 634 1334 formam
653 1296 811 1349 cognoscere
831 1279 983 1348 studebant,

64 1359 152 1428 qualis
164 1363 239 1427 esset,
251 1373 334 1428 quem
345 1362 403 1411 tam
415 1357 462 1410 diu
478 1362 589 1428 tamque
601 1357 682 1413 valde
692 1358 854 1426 timuissent,
865 1357 942 1428 eujus
953 1358 982 1410 in

64 1436 184 1506 pernicie
204 1436 320 1506 positam
340 1451 418 1505 spem
436 1435 594 1489 habuissent
611 1436 747 1491 victoriae.
782 1436 822 1490 At
840 1435 983 1505 Eumenes,

65 1529 128 1566 cum
148 1508 264 1567 diutius⁴
284 1514 315 1566 in
332 1512 429 1566 vinclis
449 1517 524 1582 esset,
542 1513 581 1567 ait
599 1513 779 1583 Onomarcho,
796 1529 879 1582 penes
899 1528 983 1583 quem

64 1605 172 1644 summe
188 1591 297 1661 imperii
314 1593 372 1644 erat
387 1591 531 1660 custodiae,
543 1606 571 1643 se
582 1590 685 1659 mirari,
697 1606 781 1659 quare
794 1591 856 1660 jam
870 1589 983 1644 tertium

64 1667 139 1721 diem
156 1668 194 1721 sic
210 1672 363 1723 teneretur:
381 1684 436 1721 non
455 1668 530 1721 enim
546 1667 598 1720 hoc
614 1668 761 1725 convenire
771 1667 904 1735 Antigoni
919 1682 983 1736 pru·

64 1743 180 1813 dentiae,
191 1749 225 1810 ut
235 1745 273 1798 sic
284 1745 439 1798 deuteretur
450 1745 529 1815 ricto,
540 1744 608 1814 quin
624 1747 672 1796 aut
681 1743 799 1799 interfici
810 1748 858 1796 aut
869 1743 983 1797 missum

64 1821 125 1874 fieri
133 1817 261 1890 juberet.⁵
290 1822 344 1875 Hic
356 1837 418 1874 cum
430 1815 559 1874 ferocius⁶
571 1820 743 1875 Onomarcho
754 1820 829 1890 loqui
838 1821 982 1890 videretur,

65 1898 173 1963 ‘Quidt
191 1899 237 1968 tu,'
256 1898 352 1969 inquit,
371 1897 480 1952 ‘animo
497 1899 521 1952 si
537 1899 588 1952 isto
608 1908 675 1968 eras,
692 1914 741 1954 cur
758 1914 814 1952 non
832 1898 862 1951 in
880 1897 983 1968 proelio

65 1976 190 2045 cecidisti,
203 1976 386 2046 potiusquam
404 1976 433 2029 in
449 1979 609 2046 potestatem
621 1975 726 2028 inimici
737 1976 874 2031 veniresl'
910 1975 983 2029 Huic
1078 2011 1082 2020 -

64 2053 346 2123 Eumenes,‘Utinam
356 2053 467 2123 quidem
474 2053 548 2107 istud
556 2053 868 2110 evenissetlsedeonon
877 2052 982 2120 accidit,

65 2131 138 2200 qnod
158 2147 300 2201 nunqnam
322 2147 386 2185 cnm
406 2132 516 2185 fortiore
538 2146 600 2185 sum
620 2147 781 2200 congressus.
824 2131 887 2184 Non
907 2131 983 2184 enim

65 2224 129 2261 cum
140 2224 277 2279 quoquam
295 2224 373 2261 arma
390 2208 499 2279 contuli,
511 2209 578 2279 quin
595 2209 618 2262 is
635 2208 705 2261 mihi
722 2207 908 2274 succubuerit3
925 2223 982 2261 non

64 2282 266 2340 enim⁷virtute
274 2286 395 2340 hostium
403 2280 863 2357 sedamicorumperfidiudecidi'ss
888 2285 983 2354 Neque

93 2433 252 2494 ¹‘Enrnged'
280 2433 329 2479 rhe
346 2448 388 2480 use
405 2435 432 2480 of
445 2434 487 2480 the
502 2434 568 2481 word
583 2435 616 2493 hy
627 2434 698 2490 itselt
712 2434 814 2479 without
830 2434 875 2489 irc,
891 2433 917 2477 in
933 2431 983 2477 this

65 2505 140 2546 sense,
150 2493 171 2538 is
180 2493 309 2538 somewhat
319 2493 427 2550 poetical.

95 2555 106 2586 ¹
119 2557 198 2603 Utrum
206 2558 228 2604 is
237 2558 347 2616 omitted,
358 2561 384 2604 ds
393 2558 532 2616 frequently.

94 2621 218 2669 wercum
231 2625 298 2670 oeulis
310 2640 392 2684 cupere,
403 2626 443 2670 ‘to
455 2624 537 2670 obtain
549 2623 606 2669 huit
623 2623 789 2684 pacificatus,
798 2623 831 2682 by
840 2623 903 2668 their
911 2624 983 2681 eyes‚'

66 2692 93 2723 or
108 2679 158 2723 ‘ior
172 2683 234 2727 their
249 2683 319 2740 eyes,'
334 2683 398 2729 since
414 2697 448 2728 we
463 2696 518 2740 may
530 2658 639 2728 consider
653 2682 720 2726 oculte
735 2683 811 2727 either
825 2695 850 2726 as
864 2681 943 2726 dative
956 2695 983 2727 cr

67 2736 174 2807 ablativa.
205 2739 282 2786 Ocules
294 2756 392 2800 parcere,
406 2742 447 2786 ‘to
462 2741 523 2786 least
538 2739 603 2785 one’s
618 2739 689 2798 eyes,'
703 2741 724 2784 ls
738 2740 780 2786 the
795 2753 858 2785 more
874 2753 982 2786 common

66 2808 233 2920 efoefflffgner'
242 2864 301 2910 than
310 2864 342 2911 he
349 2828 453 2924 thought
463 2864 535 2924 right,
545 2864 639 2909 ‘rather
647 2861 717 2923 longss
750 2891 754 2927 2
769 2852 773 2867 ¹

95 2925 189 2972 ⁶⁴'lhet
204 2928 234 2974 he
249 2930 334 2987 should
347 2945 373 2977 so
389 2933 461 2978 abusa
478 2945 493 2976 n
508 2929 642 2987 conquered
655 2931 692 2976 foe
707 2932 791 2986 ses-not
806 2931 833 2994 ry
848 2928 917 2975 order
931 2928 982 2973 him

66 2985 143 3030 either
152 2989 178 3030 to
185 2986 214 3030 he
222 2991 267 3043 put
276 2991 303 3034 to
312 2989 384 3035 death
394 3004 420 3035 or
429 2994 466 3035 set
476 2994 502 3035 et
509 2987 611 3045 liberty!
633 2988 702 3033 Deua
709 2987 730 3033 is
740 2988 897 3047 qqomponnd
904 2985 981 3032 which

67 3043 123 3088 does
139 3047 182 3088 not
199 3057 269 3090 occur
285 3045 415 3093 elsewhere.
444 3049 541 3092 Missum
554 3048 639 3106 faeere,
656 3032 764 3102 literally‚
780 3047 821 3091 ‘to
840 3046 908 3092 make
927 3046 981 3088 sent

66 3115 132 3204 ἓξὲξ
139 3100 227 3206 :efflet
236 3103 265 3158 is,
275 3105 317 3149 ‘to
324 3103 449 3162 abandom'
459 3104 584 3161 ‘dismiss‚'
594 3118 620 3149 or
630 3105 680 3150 ‘set
690 3105 738 3150 free
746 3103 801 3148 '-is
808 3117 838 3148 sn
847 3102 981 3161 expression

180 3174 197 3205 n
219 3174 365 3207 occurrence.

94 3225 105 3257 ⁶
115 3173 176 3271 6ἓοο
185 3226 250 3272 boldl
266 3260 274 3283 ‚
284 3227 476 3295 independently,
486 3228 573 3286 trosly?
602 3228 646 3274 See
658 3228 757 3273 Ἠιιιιιίιι.
767 3226 789 3282 2,
798 3241 822 3284 p.
834 3225 868 3280 17,
878 3239 901 3271 n.
911 3224 932 3269 9.

94 3284 105 3316 ⁷
114 3284 169 3328 This
178 3299 220 3330 use
230 3300 244 3330 o
263 3300 305 3329 non
315 3300 372 3329 emm
381 3286 406 3330 in
415 3289 462 3330 two
472 3287 621 3332 consecutive
631 3287 721 3334 clauses
730 3286 751 3330 is
760 3299 815 3341 very
826 3281 946 3329 awkward.

95 3341 105 3372 ⁸
116 3342 141 3386 ‘I
151 3343 210 3388 have
220 3344 292 3390 fallen
298 3342 434 3399 ³-nnmely‚
443 3343 502 3389 from
511 3358 553 3402 my
562 3358 640 3414 power
652 3344 700 3390 and
708 3343 818 3388 freedom.
846 3341 902 3386 This
914 3341 980 3386 abso-

66 3399 168 3469 lutense
178 3401 204 3446 of
210 3401 253 3447 the
262 3401 327 3458 verb,
337 3401 438 3446 without
448 3401 489 3447 the
499 3406 606 3448 mention
620 3403 646 3448 ot
656 3402 723 3461 place
732 3400 828 3445 whence
837 3413 863 3444 or
872 3399 988 3450 whither,

66 3471 88 3503 rs
97 3471 152 3516 very
160 3472 220 3507 rere.
