2288 3834
418 187 470 233 xv.
488 187 711 234 artemonem.
974 176 1024 232 117

102 314 276 390 eloquentia,l
288 333 377 389 neque
387 319 480 372 minus
497 317 644 372 concinnus
656 318 685 371 in
697 318 831 373 brevitate
844 317 1024 388 respondendi

102 414 186 467 quam
197 398 227 450 in
239 403 371 467 perpetua
385 392 522 451 oratione⁹
538 401 655 453 umatus.
692 397 798 450 Habuit
815 391 1024 450 obtrectatorem

102 475 283 529 Meneclidem
304 475 441 545 quendam
461 470 601 528 indidem³
621 474 722 528 'l’hebis
741 479 768 528 et
788 474 976 528 adversarium
994 474 1024 527 in

101 553 321 606 administranda
343 553 490 623 republica,
511 553 576 606 satis
599 553 780 606 exercitatum
801 553 830 606 in
851 552 973 622 dicendo,
993 555 1025 605 ιιι

102 631 265 685 Thebanum
285 626 417 686 ιοίιίοιιιι4
443 646 563 700 namque
586 630 627 683 illi
650 631 724 699 genti
748 630 809 700 plus
832 631 903 683 inest
922 629 1024 684 virium

101 725 186 779 quam
197 710 307 778 ingenii.
343 709 378 778 Is,
390 709 463 779 quod
479 709 507 761 in
525 723 556 761 re
568 708 683 761 militari
695 709 791 762 florere
802 706 1023 778 Epaminondam

101 787 220 857 videbat,
232 787 337 840 hortari
348 787 452 840 solebat
463 786 606 840 Thebanos
617 791 648 840 ut
659 803 756 856 pacem
767 786 838 840 bello
850 787 1023 856 anteferrent,

101 861 152 918 ne⁵
163 864 236 918 illius
248 865 419 935 imperatoris
431 878 515 935 opera
525 864 729 920 desideraretur.
764 865 836 918 Huic
848 863 895 918 ille
907 863 1024 934 ‘Fadia‘

101 943 198 1013 inquit,
212 942 311 997 ‘verbo
326 943 397 996 cives
408 947 476 1013 tuos,
489 943 561 1012 quod
572 943 622 996 bos
634 959 651 995 a
662 941 734 996 bello
745 958 870 998 revocas:
888 942 937 996 otii
949 942 1024 996 enim

101 1021 214 1075 nomine
246 1021 406 1074 servitutem
439 1020 572 1078 concilias.
616 1021 690 1075 Nam
722 1021 829 1091 paritur
859 1035 915 1090 pax
944 1019 1023 1075 bello.

103 1099 201 1169 Itaque
213 1100 259 1169 qul
271 1115 304 1152 ea
315 1099 423 1152 diutina
434 1099 530 1165 volunt
541 1099 603 1168 hui,
611 1095 685 1152 bello
696 1098 837 1152 exercitati
849 1114 905 1152 esse
916 1097 1023 1153 debent

102 1178 191 1242 Quare
214 1178 236 1230 si
259 1177 395 1248 principes
416 1177 545 1231 Graeciae
564 1167 663 1230 ιιιΙιιι6
686 1190 749 1246 esse,
771 1177 865 1230 castris
888 1180 928 1230 est
945 1175 1023 1230 vobis

101 1255 243 1325 utendum,
263 1269 320 1308 non
339 1255 490 1324 palaestra!
527 1255 606 1308 Idem
626 1255 672 1308 ille
692 1255 856 1309 Meneclides
876 1268 939 1308 cum
959 1253 1024 1307 huic

101 1333 237 1403 objiceret,
252 1332 325 1403 quod
338 1333 437 1387 liberos
454 1348 510 1386 non
526 1333 646 1403 haberet,
659 1347 747 1404 neque
764 1347 880 1387 uxorem
894 1331 1023 1402 duxisset,

101 1411 278 1481 maximeque
306 1411 488 1481 insolentiam,
515 1411 588 1480 quod
616 1410 668 1464 sibi
698 1400 930 1480 Agamemnonis⁷
957 1409 1023 1463 belli

101 1488 218 1557 gloriam
240 1489 379 1542 videretur
402 1494 565 1559 consecutus,
590 1489 661 1560 ‘At'
684 1489 738 1560 ille,
763 1489 890 1558 ‘desine'
914 1481 1023 1558 inquit?

102 1566 277 1637 ‘Meneclida
290 1567 325 1620 de
341 1584 427 1620 uxore
444 1568 514 1620 mihi
531 1568 712 1639 exprobrare:
730 1583 797 1620 nam
814 1566 915 1620 nullius
930 1567 959 1619 in
972 1566 1023 1619 ista

101 1660 131 1698 re
153 1645 246 1698 minus
272 1645 315 1698 uti
338 1645 450 1698 consilio
472 1645 552 1701 volo?
596 1645 737 1716 (Habebat
761 1645 836 1698 enim
860 1643 1023 1698 Meneclides

101 1722 282 1793 suspicionem
304 1718 452 1793 adulteri⁹>
491 1722 585 1789 ‘Quod
607 1727 701 1776 autem
721 1739 767 1776 me
785 1724 1022 1791 Agamemnonem

102 1799 235 1854 aemulari
247 1804 333 1870 putee,
345 1800 453 1856 falleris.
488 1802 615 1871 Namque
631 1801 679 1853 ille
696 1817 760 1854 cum
771 1800 898 1853 universa
910 1799 1023 1853 Graecia

101 1879 151 1931 vix
162 1879 256 1932 decem
268 1880 348 1931 annia
359 1892 446 1932 unam
461 1879 532 1949 cepit
544 1880 641 1932 urbem
652 1900 659 1946 ;
677 1895 725 1948 ego
738 1883 832 1933 contra
844 1893 877 1932 ea
887 1892 944 1931 una
954 1876 1022 1930 urbe

101 1961 194 2086 ppstra
208 1957 311 2065 ί(ι’ίιῖιιιιο
328 1973 384 2011 uno
404 1961 491 2011 totam
509 1956 658 2028 Graeciam,
677 1956 898 2012 Lacedaemoniis
916 1954 1021 2026 surgatis,

113 2051 122 2086 1
136 2050 258 2167 {aldem
274 2129 337 2166 cum
354 2113 384 2166 in
401 2117 566 2168 conventum
581 2113 698 2168 uenisset
716 2113 855 2168 Arcadum
872 2116 974 2184 petens,
991 2115 1023 2165 ut

130 2220 212 2280 ¹Thie,
228 2222 352 2282 according
365 2228 391 2269 to
406 2223 505 2283 Nepos'c
522 2240 575 2271 own
592 2227 741 2272 observation
756 2227 791 2285 (ut
806 2224 933 2281 Thebanum,
946 2228 993 2281 cte,
1008 2238 1023 2271 a

101 2280 164 2383 lilttle
179 2281 281 2385 betlovrg12³
282 2296 318 2385 eree
319 2296 359 2385 hipp
367 2297 430 2386 ιιθεῖιέ
443 2286 509 2342 great
524 2284 615 2342 praisc;
634 2284 679 2330 but
695 2283 872 2344 Epaminondae
887 2297 934 2328 was
949 2282 1022 2340 really

101 2352 229 2442 epqpreptpo
240 2412 270 2467 pe
319 2355 384 2468 puple
399 2374 532 2457 ‘aformah
545 2398 676 2446 connected
691 2413 703 2445 s
734 2397 793 2457 ech,'
806 2413 832 2445 ae
847 2396 1022 2457 distinguished

100 2450 160 2557 frapm
174 2453 216 2501 the
230 2470 305 2515 cinge
320 2457 451 2503 mcidental
465 2459 625 2504 obseruatione
641 2463 666 2504 ιο
680 2473 702 2504 ιι
719 2459 758 2505 ‘ch
772 2458 865 2504 brecitoe
878 2453 1023 2516 respondendi

101 2525 258 2653 peselum,
275 2572 441 2632 compounded
458 2573 484 2619 ol
500 2575 550 2620 iude
567 2574 697 2632 undidem,
714 2575 735 2620 is
752 2589 783 2620 an
800 2574 895 2630 adverb,
912 2573 1022 2633 meaning

116 2627 176 2673 t'rom
192 2630 234 2674 the
250 2644 314 2677 same
330 2631 413 2691 plece’
442 2632 524 2678 Hence
541 2633 636 2678 indidem
654 2631 728 2678 Treta
743 2633 763 2678 is
780 2634 846 2678 ‘who
860 2647 909 2678 was
924 2631 1022 2691 frome

101 2687 225 2792 napipppf,
231 2689 277 2793 thet
283 2704 347 2736 same
357 2691 424 2794 place
429 2690 679 2795 ppelldpaprinondaab
689 2691 796 2738 Thebes'

200 2761 256 2792 ars
278 2762 351 2807 oaay,
370 2764 420 2794 ora
464 2763 531 2794 ean

130 2801 187 2849 ⁸Nc
197 2803 303 2863 depende
313 2822 344 2852 on
354 2806 440 2852 tortori
449 2807 535 2865 sabbat,
545 2810 588 2853 not
598 2822 628 2852 ou
638 2809 774 2868 anteferrent.
797 2807 821 2854 It
827 2823 875 2854 was
884 2808 921 2854 his
931 2808 1021 2867 private

101 2874 185 2966 reasolp
200 2864 235 2908 lor
250 2865 329 2924 glring
343 2867 385 2911 the
400 2866 491 2923 advice,
504 2870 547 2912 not
563 2867 619 2912 that
633 2866 710 2912 which
725 2866 756 2912 he
771 2867 872 2926 brought
886 2868 965 2914 before
979 2867 1021 2913 the

101 2933 326 3049 miiqpffinond„
336 2981 392 3028 here
400 2986 468 3028 turns
478 2987 505 3029 to
514 2983 557 3028 the
566 2983 656 3042 people.

101 3037 253 3152 hzjffinpapl
266 3038 386 3098 Mycenae,
401 3042 450 3087 and
467 3041 728 3088 commender-in-chief
739 3041 766 3087 oi
778 3041 821 3088 the
836 3041 925 3088 Greeks
939 3042 966 3086 in
979 3040 1021 3086 the

130 3151 183 3225 ⁸A3e
198 3157 224 3198 to
239 3154 288 3199 thie
303 3155 372 3224 order
383 3157 409 3201 ol
420 3158 505 3216 words,
515 3171 554 3204 see
563 3158 631 3218 [pte.
646 3157 667 3216 3,
681 3173 704 3216 p.
715 3157 751 3216 91,
761 3173 784 3205 n
795 3159 823 3215 ὃς
837 3156 885 3204 and
898 3171 924 3203 ae
938 3161 965 3202 ιο
979 3157 1021 3203 the

102 3215 208 3257 vocative
219 3211 353 3269 Mcnccbdc,
364 3228 403 3259 see
414 3215 491 3262 Grom.
502 3216 515 3272 5
525 3216 561 3274 55,
571 3215 625 3263 nt

130 3269 196 3315 ⁹For
206 3269 317 3327 adulterii,
327 3272 386 3316 from
395 3273 532 3321 deodericum.
564 3277 640 3320 Grcm.
652 3275 665 3332 ἓ
676 3275 711 3333 58,
722 3291 744 3322 n.
756 3275 777 3320 2.

130 3326 150 3358 1⁰
159 3326 208 3374 The
218 3327 336 3374 reference
345 3331 366 3374 ie
376 3333 402 3376 ιο
412 3331 455 3376 the
467 3331 601 3378 celebrated
614 3334 692 3379 battle
707 3336 733 3379 of
743 3335 844 3379 Leuctra
855 3330 906 3389 (371
919 3331 986 3389 nc),
995 3331 1022 3378 in

101 3386 237 3504 ppiplrgrplpp
247 3385 447 3506 gipppplpecnunder
461 3388 638 3448 Epaminondas
651 3392 737 3438 routed
752 3392 794 3438 the
808 3389 1032 3436 Lacedmmnn'xana
