2288 3834
158 209 209 259 112
481 220 623 260 consumi
635 221 758 261 unror1s

157 347 270 417 abesset,
283 344 465 416 Mithridates,
478 346 638 417 priusquam
650 347 686 400 ad
698 363 759 401 suos
777 345 940 417 perveniret,
952 362 988 400 ne
999 363 1084 417 quarn

157 425 341 494 suspicionem
358 428 474 493 pareret,
491 424 521 476 in
539 425 658 478 eundem
675 424 767 477 iocum
785 424 939 494 revertitur,
952 429 1033 494 atque
1045 427 1085 480 ibi

157 502 205 555 ubi
217 501 305 554 telum
323 505 382 553 erat
399 496 564 570 impostum1
583 502 690 571 resedit,
708 507 741 554 ut
758 502 780 555 si
797 501 959 555 lassitudine
975 510 1086 572 cuperet

158 579 335 648 acquiescere,
353 579 544 648 Datamenque
562 580 707 648 revocavit,
724 579 858 632 simulans
870 595 897 632 se
909 580 1042 649 quiddam
1055 582 1085 634 in

158 657 293 726 colloquio
303 672 360 709 esse
369 652 506 712 oblitum.2
534 657 652 710 Interim
664 657 751 711 telum
763 658 836 727 quod
848 657 952 711 latebat
963 658 1086 728 protulit,

157 734 348 805 nudatumque
371 735 472 803 vagina
494 738 570 788 veste
598 735 676 805 texit,
700 751 732 788 ac
755 735 868 789 Datami
892 736 1014 788 venienti
1039 737 1085 807 ait,

158 813 357 881 digredientem
369 829 398 865 se
409 812 636 866 animadvertisse
653 812 745 866 locum
763 813 910 883 quendam,
923 814 970 883 qui
985 819 1045 866 erat
1056 815 1086 867 in

158 894 310 960 conspectu,
332 891 368 944 ad
388 894 476 944 castra
497 890 624 960 ponenda
648 907 704 944 esse
727 891 865 946 idoneum.
912 891 1001 956 Quem
1022 909 1087 946 oum

158 969 244 1037 digito
255 968 462 1038 demonstraret,
475 972 503 1021 et
518 967 564 1021 ille
580 969 733 1039 respiceret,
745 964 891 1023 aversum³
909 970 980 1022 ferro
998 975 1088 1023 trans-

158 1046 228 1117 fixit,
247 1046 375 1117 priusque
396 1062 480 1116 quam
499 1046 645 1116 quisquam
662 1051 751 1117 posset
770 1063 924 1100 succurrere
942 1048 1087 1104 interfecit.

159 1125 204 1178 Ita
220 1124 266 1178 ille
284 1125 335 1194 vir,
347 1124 395 1194 qui
412 1123 513 1177 multos
531 1124 651 1198 consilio,
663 1125 805 1178 neminem
820 1120 951 1195 perfidia⁴
968 1130 1086 1195 ceperat,

158 1202 288 1257 simulata
299 1207 394 1272 captus
406 1206 447 1255 est
457 1201 587 1258 amicitia.

187 1352 197 1383 1
207 1352 254 1396 For
264 1352 397 1418 impositum.
426 1350 481 1395 'iliis
492 1351 632 1396 oontraoted
642 1353 701 1396 form
711 1351 732 1396 is
741 1351 983 1420 almost-confiueduto
993 1356 1088 1410 poetry.

160 1408 481 1522 etrtfft‘at‘ltlslt.
490 1409 783 1522 dtllrilf'llhmm’
798 1409 1031 1470 samareae,
1047 1425 1088 1456 ⁵⁸⁹

188 1525 198 1557 ³
208 1525 261 1570 ‘He
271 1538 314 1569 ran
323 1524 374 1568 him
384 1525 486 1584 through
496 1526 565 1570 when
575 1525 664 1570 turned
674 1540 740 1582 away
747 1525 837 1570 '-that
847 1526 876 1582 is,
885 1525 945 1569 from
955 1524 1053 1571 behind.

188 1583 252 1627 ⁴We
261 1584 331 1627 know
340 1582 400 1627 from
411 1584 479 1628 other
488 1584 587 1640 writers,
597 1585 651 1628 that
662 1583 775 1629 Datames
788 1583 831 1629 did
844 1587 887 1630 not
900 1584 986 1641 always
999 1583 1089 1630 retrain

159 1641 218 1687 from
228 1641 389 1686 faithlessness
400 1641 468 1687 when
478 1641 499 1688 it
509 1642 586 1701 might
597 1655 663 1688 serve
673 1656 688 1688 a
697 1655 807 1701 purpose.
