2288 3834
420 196 511 237 xv111.
528 194 676 237 munuae.
962 182 1011 234 139

85 318 166 395 porel
179 324 244 377 data
258 327 297 376 est
309 323 426 376 Eumeni
439 321 618 393 Cappadocia,
630 321 687 375 sive
704 320 794 390 potius
811 317 903 378 dicta.2
938 321 964 374 N
964 336 1011 373 am

85 408 147 456 tum
154 403 184 455 in
191 401 313 454 hostium
320 405 379 454 erat
386 405 525 471 potestate.
544 400 628 453 Hunc
636 399 688 452 sibi
698 399 838 453 Perdiccas
847 401 1012 470 adjunxerat

85 496 187 548 magno
203 479 300 548 studio,
313 479 385 548 quod
397 479 427 531 in
438 478 552 532 homine
564 477 648 530 fidem
661 482 688 530 et
699 476 864 531 industriam
880 492 1012 546 magnam

85 558 204 627 videbat,
222 573 278 609 non
296 557 431 626 dubitans,
449 556 472 608 si
493 571 557 609 eum
575 554 737 625 pellexisset,
755 571 855 624 magno
874 557 936 609 usui
954 555 1012 608 fore

86 636 139 688 sibi
151 636 180 688 in
192 635 225 688 iis
236 635 325 703 rebus,
338 650 404 704 quas
422 633 581 704 apparabat.
617 632 759 701 cogitabat
771 633 854 703 enim,
867 633 940 704 qnod
955 633 1012 686 fere

86 729 183 771 omnes
205 713 234 766 in
258 713 366 781 magnis
388 711 511 781 imperiis
535 710 736 780 concupiscunt,
756 711 882 764 omnium
905 705 1012 782 partes³

86 791 221 860 corripere
238 795 320 860 atque
338 789 488 859 complecti.
523 789 619 858 Neque
636 804 702 842 vero
718 787 770 841 hoc
787 787 834 842 ille
851 790 923 843 solus
940 789 1011 858 fecit,

86 869 134 922 sed
143 869 224 922 ceteri
233 884 340 938 quoque
349 884 451 936 omnes,
457 866 504 936 qui
513 865 666 919 Alexandri
676 866 785 919 fuerant
794 867 883 922 amici.
901 868 1012 921 Primus

87 948 242 1000 Leonnatus
263 945 454 999 Macedoniam
483 960 681 1014 praeoccupare
710 941 942 1013 praedestinavit!
984 946 1012 999 Is

86 1024 181 1078 multis
202 1023 362 1093 magnisque
382 1022 624 1092 pollicitationibus
642 1022 804 1091 persuadere
822 1023 939 1076 Eumeni
957 1028 1012 1076 stu-

86 1103 153 1172 duit,
174 1108 205 1156 ut
226 1102 385 1155 Perdiccam
405 1101 540 1154 desereret
560 1117 592 1153 ac
612 1116 704 1152 secum
724 1100 825 1153 faceret
848 1101 1011 1156 societatem.

87 1181 158 1235 (lum
174 1180 322 1250 perducere
340 1195 404 1232 eum
421 1195 478 1232 non
495 1184 590 1248 posset,
609 1177 762 1231 interficere
780 1183 892 1232 conatus
909 1184 967 1245 est;
985 1183 1012 1232 et

86 1259 198 1329 fecisset,
210 1259 263 1311 nisi
275 1257 321 1310 ille
334 1257 406 1310 clam
418 1262 500 1310 noctu
513 1273 548 1309 ex
560 1256 700 1325 praesidiis
712 1256 769 1325 ejus
781 1257 922 1325 effugisset.

121 1342 145 1392 3.
164 1337 282 1390 Interim
294 1337 410 1388 conflata
428 1339 491 1388 sunt
507 1334 555 1387 illa
567 1333 647 1403 bella,
660 1350 729 1404 quae
745 1334 781 1387 ad
797 1335 1013 1388 internecionem

85 1420 147 1485 post
163 1413 317 1468 Alexandri
334 1418 453 1466 mortem
470 1416 545 1482 gesta
562 1416 633 1481 sunt,
651 1428 799 1483 omnesque
817 1417 1012 1466 concurrerunt

87 1494 123 1546 ad
136 1492 294 1546 Perdiccam
310 1491 530 1562 opprimendum.
566 1490 653 1555 Quem
672 1490 722 1543 etsi
738 1490 882 1544 infirmum
894 1491 1012 1561 videbat,

87 1571 160 1641 quod
175 1587 246 1624 unus
262 1570 389 1624 omnibus
405 1570 527 1622 resistere
546 1568 698 1637 cogebatur,
710 1572 805 1621 tamen
819 1569 941 1622 amicum
955 1585 1012 1622 non

87 1649 212 1717 deseruit,
225 1664 313 1718 neque
329 1647 424 1700 salutis
436 1662 519 1717 quam
532 1646 597 1699 fidei
609 1645 661 1698 fuit
677 1646 806 1715 cupidior.
843 1647 1013 1700 Praefeccrat

86 1726 161 1779 hunc
179 1726 320 1779 Perdiccas
338 1724 363 1777 ei
381 1725 453 1794 parti
466 1724 555 1793 Asiae,
574 1739 643 1793 quae
660 1723 733 1776 inter
750 1724 871 1777 Taurum
888 1729 1013 1777 montem

82 1804 158 1873 jacet
175 1807 257 1873 atque
269 1801 487 1871 Hellespontum,
506 1806 533 1854 et
550 1801 631 1854 illum
648 1816 735 1853 unum
753 1807 915 1870 opposuerat
928 1803 1013 1855 Euro-

87 1881 162 1951 paeis
185 1880 347 1933 adversariis
358 1875 382 1947 ;⁶
406 1880 464 1948 ipse
482 1872 656 1948 Aegyptum6
679 1883 867 1948 oppugnatum
884 1879 1013 1933 adversus

88 1958 277 2012 Ptolemaeum
298 1962 356 2011 erat
376 1957 518 2027 profectus.
554 1956 689 2010 Eumenes
710 1972 772 2009 oum
793 1973 882 2026 neque
899 1974 1014 2026 magnas

87 2037 178 2106 copias
198 2052 286 2105 neque
306 2036 402 2089 firmas
421 2034 542 2103 haberet,
561 2034 633 2104 qnod
654 2038 682 2087 et
699 2034 895 2088 inexercitatae
912 2041 939 2089 et
956 2052 1013 2089 non

86 2114 175 2167 multo
199 2118 263 2167 ante
286 2119 365 2167 erant
389 2117 550 2182 contractae,
571 2112 719 2165 adventare
743 2117 836 2166 autem
859 2113 1014 2167 dicerentur

88 2193 352 2262 Hellespontumque
378 2191 507 2244 transisse
531 2191 678 2260 Antipater
705 2195 733 2243 et
759 2190 886 2244 Craterus
912 2206 1014 2259 magno

87 2288 151 2324 cum
169 2270 290 2323 exercitu
307 2269 496 2339 Macedonum,
509 2269 563 2322 viri
576 2285 640 2321 cum
657 2268 788 2338 claritate,
803 2273 863 2321 tum
880 2285 931 2322 usu
948 2269 1014 2322 belli

86 2352 256 2420 praestantes
269 2346 443 2418 (Macedones
456 2363 520 2401 vero
533 2346 636 2400 milites
647 2363 679 2399 ea
691 2351 752 2399 tum
764 2351 842 2399 erant
853 2344 948 2416 fama,⁷
959 2362 1014 2416 qua

116 2519 183 2565 1The
197 2534 250 2566 snm
263 2520 290 2564 of
301 2518 343 2563 the
357 2520 471 2562 sentence
484 2516 504 2561 is
518 2516 580 2562 this:
597 2515 726 2561 Alexandro
736 2515 847 2575 Babylone
857 2521 949 2571 mortuo,
959 2515 1014 2561 duic

88 2583 117 2621 cst
133 2579 229 2622 Eumeni
246 2577 396 2636 Communia
413 2580 450 2620 cet.
487 2575 535 2620 But
553 2588 579 2619 as
595 2587 609 2619 a
625 2573 786 2618 considerable
802 2574 903 2619 number
918 2575 945 2619 ot
959 2575 1014 2620 sub-

88 2635 175 2692 sidiary
186 2636 276 2705 clauses
292 2635 414 2680 intervene
430 2633 540 2703 between
557 2631 600 2677 the
618 2632 670 2677 first
689 2633 767 2677 clause
783 2631 830 2676 aud
847 2633 889 2677 the
907 2633 961 2689 last,
976 2633 1015 2678 too

88 2689 1014 2809 ‘alsttati2tittstlatis¹tlmg⁴mtt⁰12¹³lltttymmt0n.

117 2807 293 2864 ⁸‘Provincea'
304 2807 466 2864 ‘territories‚'
477 2806 641 2852 ‘dominicus'

117 2866 216 2923 ⁴Nepos
236 2867 256 2910 is
275 2867 450 2925 unnecesaarily
466 2865 609 2924 particular:
631 2863 751 2909 ‘resolved
765 2864 845 2909 before
865 2879 912 2923 any
926 2865 953 2910 oi
971 2865 1014 2911 the

89 2924 169 2969 others
183 2927 209 2968 to
224 2925 286 2968 aeine
301 2925 440 2971 Macedonia
448 2926 528 2970 betore
538 2938 585 2981 any
595 2922 622 2968 cf
633 2923 676 2968 the
686 2922 782 2967 others)
804 2923 930 2967 Destinam
945 2925 1014 2969 alone

88 2981 167 3027 would
177 2981 207 3026 be
218 2982 286 3038 quite
301 2983 427 3028 sufficient.
452 2982 623 3028 Praenestinae
637 2981 658 3026 is
673 2980 761 3026 aword
770 2980 848 3026 which
862 2995 944 3027 occurs
957 2996 1014 3040 very

88 3040 164 3098 rarely
174 3040 199 3084 in
224 3039 270 3084 ood
281 3040 394 3098 Latinity.

117 3054 245 3155 “Nameffy,
265 3097 394 3155 Antipater
412 3098 460 3144 and
480 3097 599 3154 Craterus,
617 3097 670 3142 who
689 3097 738 3143 had
757 3097 800 3142 the
819 3100 973 3156 government
991 3097 1018 3142 of

88 3157 230 3202 Macedonia
239 3155 287 3201 and
298 3155 393 3202 Graece.

117 3215 260 3284 ⁶aeyyptum
273 3213 294 3258 is
307 3217 350 3259 not
362 3227 393 3258 an
406 3215 540 3260 accusative
555 3215 581 3259 oi
592 3215 659 3272 place
670 3213 802 3270 ‘whither,’
811 3214 856 3258 but
867 3214 887 3258 is
896 3213 1015 3271 gevemed

88 3274 435 3390 by⁷tgzjgaegeisofflffltiyge
446 3331 472 3374 of
478 3330 578 3387 quality,
587 3331 628 3374 ‘oi
635 3330 689 3374 that
699 3327 852 3387 reputation'
874 3329 918 3374 We
929 3333 1015 3386 expect

89 3391 114 3434 in
125 3391 167 3435 the
176 3390 273 3436 relative
287 3389 365 3434 clauae
379 3392 435 3442 nant,
445 3392 488 3433 not
496 3389 608 3445 feruntur.
639 3389 750 3432 Feruntur
759 3388 780 3430 is
790 3386 850 3431 used
860 3387 885 3431 in
895 3388 937 3432 the
947 3401 1019 3431 sensa

89 3449 116 3492 of
122 3449 248 3506 ffruntur,
259 3449 314 3492 ‘are
324 3444 444 3492 extollcd'
473 3445 587 3504 Compare
597 3446 695 3506 Lysond.
704 3446 763 3503 ῃ.
772 3444 848 3500 iiam
856 3445 881 3486 t.
