2288 3834
152 173 202 224 122
473 185 612 225 connum
625 185 748 225 auroris

151 316 248 365 natum
266 311 408 364 relicturus
425 312 468 366 sis.
503 312 598 381 Neque
610 328 675 366 vero
691 312 772 382 stirps
788 315 876 381 potest
891 311 962 364 mihi
977 311 1075 367 deesse.

151 390 277 458 Namque
299 405 334 441 ex
354 394 512 442 menatem
529 389 653 458 relinquo
671 405 793 458 pugnam
811 390 988 458 Leuctricam,
1006 405 1076 458 quae

151 483 207 520 nou
226 466 308 519 modo
327 466 397 519 mihi
416 472 549 535 superstes
568 467 718 520 sedetiam
735 467 900 520 immortalis
917 467 952 519 sit
969 483 1076 520 necesse

152 545 206 599 est?
238 544 296 609 Quo
305 549 435 613 tempore,
445 544 513 597 duce
522 544 659 614 Pelopida,
669 545 762 597 exules
772 545 878 597 Thebas
889 541 1075 614 occuparunt,¹

151 626 179 674 et
190 622 356 691 praesidium
368 622 647 675 Lacedaemoniorum
658 638 694 674 ex
707 617 768 674 arce
780 622 953 692 expulerunt,
966 622 1076 691 llpami-

152 700 264 767 uoudas,
283 700 414 769 quamdiu
432 700 504 752 facta
521 703 561 752 est
579 699 673 752 caedes
691 700 801 768 civium,
819 695 917 752 domo²
933 716 962 752 se
979 701 1075 769 tenuit,

152 776 224 846 quod
241 793 330 846 neque
348 777 435 830 malos
453 776 598 831 defendere
618 777 727 830 volebat
745 793 834 846 neque
851 778 1022 847 impugnare,
1041 794 1076 830 ne

151 871 249 907 manus
261 850 388 907 suorum³
400 855 531 922 sanguine
543 860 704 910 cruentaret.
739 856 866 924 Namque
882 871 994 908 omnem
1011 856 1076 909 civi-

151 932 207 985 lem
232 932 373 986 victoriam
396 932 532 985 funestam
555 933 676 1001 putabat.
723 933 809 1000 Idem,
833 937 978 1002 postquam
1002 934 1075 1002 apud

152 1005 320 1064 Gadmeam⁴
343 1025 407 1062 cum
430 1010 650 1064 Lacedaemoniis
679 1026 772 1079 pugna
800 1010 895 1080 coepit,
920 1011 949 1062 in
978 1011 1075 1079 primis

151 1084 245 1142 stetit.⁵
280 1088 370 1157 Hujus
383 1087 417 1140 de
429 1087 575 1140 virtutibus
587 1088 697 1157 vitaque
713 1088 777 1141 satis
793 1088 844 1140 erit
860 1088 972 1157 dictum,
984 1089 1007 1141 si
1023 1089 1076 1142 hoc

150 1182 239 1219 unum
262 1165 421 1234 adjunxero,
445 1165 517 1233 quod
540 1181 622 1218 nemo
642 1165 665 1218 it
684 1161 807 1234 infitias,6
830 1165 935 1218 Thebas
960 1171 987 1218 et
1010 1171 1075 1220 ante

152 1243 373 1313 Epaminondam
393 1247 490 1295 natum
511 1247 538 1295 et
559 1248 619 1311 post
639 1243 761 1312 ejusdem
780 1243 923 1296 interitum
943 1249 1075 1313 perpetuo

151 1322 240 1374 alieno
258 1321 378 1390 paruisse
395 1320 528 1389 imperio;
546 1325 640 1373 contra
658 1337 696 1390 ca,
713 1322 846 1390 quamdiu
862 1320 909 1373 ille
926 1321 1076 1390 praefuerit

151 1398 323 1468 reipublicae,
344 1402 426 1466 caput
445 1397 527 1451 sitisse
546 1398 629 1451 totius
649 1397 785 1452 Graeciae.
820 1400 863 1451 Nx
884 1414 937 1467 quo
958 1399 1075 1468 intelligi

151 1480 246 1546 potest,
258 1491 346 1528 unum
357 1475 500 1528 hominem
512 1475 597 1545 pluris
610 1491 693 1544 quam
705 1476 845 1529 civitatem
856 1477 944 1530 tuisse.

180 1627 189 1658 ¹
200 1626 244 1672 See
254 1626 330 1684 Pelop.
341 1626 363 1682 2,
374 1626 429 1681 end,
439 1626 487 1670 end
496 1626 613 1684 following
623 1626 727 1685 chapter.

179 1685 190 1714 ²
200 1685 244 1730 ‘At
251 1684 337 1740 home‚'
344 1686 350 1708 ‘
357 1685 382 1728 in
389 1685 427 1728 his
434 1685 523 1729 house!
542 1685 611 1728 Domi
619 1685 708 1741 (Grom.
717 1683 730 1739 ἕ
738 1683 789 1740 268,
797 1698 819 1729 n.
830 1684 857 1738 3;
869 1683 940 1728 Elem.
950 1685 1026 1730 Grona
1036 1686 1073 1740 49,

151 1743 209 1800 end)
223 1745 243 1787 is
257 1744 298 1787 the
311 1743 403 1801 regular
415 1742 485 1787 mode
497 1743 523 1787 ot
534 1756 548 1786 e
582 1743 677 1787 ression.
707 1743 756 1787 The
771 1742 873 1787 ablative
888 1743 944 1798 also,
958 1742 1072 1799 however,

151 1816 232 1847 occurs
247 1803 390 1856 sometimes,
400 1801 445 1845 but
455 1815 510 1858 very
519 1815 570 1846 rare
579 1816 601 1859 y.
631 1801 745 1858 Compare
755 1801 852 1859 Lysaod.
864 1800 884 1856 3,
894 1815 917 1859 p.
929 1801 965 1857 52,
975 1815 998 1847 n.
1009 1804 1029 1847 4.

179 1860 189 1890 ³
199 1860 305 1916 Namely,
316 1860 402 1913 ciuem,
413 1859 454 1903 ‘of
460 1859 498 1904 his
507 1859 708 1915 fessow-citizens'
718 1873 744 1904 as
754 1861 795 1904 the
806 1862 905 1904 context
915 1859 997 1904 shews.

179 1917 246 1961 ⁴The
257 1917 359 1961 Cadmea
368 1917 473 1978 wasthe
488 1917 575 1962 citadel
585 1918 611 1962 of
621 1917 720 1971 Tbebes,
731 1931 756 1962 sc
771 1916 858 1961 named
867 1917 927 1960 from
938 1917 1048 1974 Cadmus,
1059 1935 1074 1964 a

151 1974 286 2020 celebrated
296 1975 438 2019 Phoenician
451 1975 515 2030 hero,
525 1976 578 2020 who
586 1976 608 2019 is
623 1974 675 2019 said
686 1975 718 2032 by
729 1974 844 2020 tradition
854 1979 880 2020 to
891 1976 949 2019 have
959 1976 1019 2020 been
1030 1978 1072 2022 the

150 2032 250 2078 founder
260 2033 285 2076 of
292 2032 334 2076 the
345 2032 400 2088 city.

179 2091 189 2120 ⁵
199 2089 289 2134 ‘Stood
298 2103 383 2147 among
392 2089 434 2134 the
444 2088 496 2134 first
504 2089 593 2135 '-that
604 2091 632 2144 is,
642 2103 689 2134 was
700 2091 724 2135 in
734 2091 777 2136 the
787 2091 838 2135 first
852 2091 918 2146 rank,
928 2091 953 2135 in
964 2091 1006 2136 the
1016 2107 1072 2151 very

150 2150 260 2193 toremost
270 2147 296 2191 ot
303 2148 345 2193 the
356 2147 421 2205 light.
484 2162 485 2166 ¹

179 2205 285 2264 “Infitias
298 2219 322 2250 eo
336 2205 357 2248 is
372 2219 387 2249 a
400 2205 505 2262 peculiar
515 2205 608 2261 phrase,
619 2206 730 2263 meaning
742 2206 767 2250 ‘I
781 2205 859 2264 deny.'
888 2206 936 2251 'ibe
949 2208 1070 2265 deponent

150 2265 205 2310 verb
215 2265 304 2322 infitior,
315 2265 340 2308 in
350 2263 391 2308 the
402 2276 466 2308 same
476 2277 551 2319 sense,
561 2263 582 2307 is
592 2263 641 2307 also
650 2264 676 2308 in
686 2276 734 2309 use.
